3664 5546
1146 395 1304 454 Περι
1352 392 1741 451 κΑοοΛικΗ(
1774 394 2194 450 ΠροεςιιΔιΑ(
2231 394 2311 450 ιο.
2893 398 3014 462 501

435 575 580 634 θεν.
670 570 775 633 διὰ
817 573 1011 634 τοῦτο
1055 568 1187 633 ἀπὸ
1232 570 1345 648 μὲν
1390 572 1507 633 τοῦ
1565 567 1688 632 ἕω(
1734 567 2091 648 βαρυτόνου
2135 567 2210 632 τὸ
2267 567 2539 650 ἕωθεν,
2595 568 2726 634 ἀπὸ
2784 571 2856 634 δὲ
2898 576 3016 635 τοῦ

435 672 587 749 ἠῶ(
632 671 1147 752 ὀξυτονουμένου
1191 670 1442 749 ἠῶθεν
1485 672 1990 749 προπεριεπᾶται
2036 668 2126 734 ὼ(
2169 669 2300 735 ἀπὸ
2343 674 2461 736 τοῦ
2495 670 2694 734 Πυθώ
2738 671 3011 736 Πυθῶ-

435 781 567 839 θεν
613 775 718 839 διὰ
746 773 947 841 τοῦῶ
980 775 1070 839 ὡ(
1118 774 1459 852 Κριῶθεν
1505 772 1607 836 καὶ
1650 772 1803 851 μετὰ
1851 774 2150 849 (υετολῆε
2193 772 2552 837 Πυθόθεν
2599 772 2689 837 ὡ(
2732 773 3013 854 Λεεβό-

436 882 566 942 θεν
622 876 722 941 καὶ
778 877 980 955 Θριώ
1036 876 1244 956 ὄνομα
1287 877 1493 956 δήμου
1538 874 1819 939 Ἀττικοῦ
1877 875 2265 956 Θριῶθεν,
2321 873 2465 953 μεθ’
2519 872 2613 939 ὧν
2669 878 3011 953 τηλῶθεν

436 983 777 1058 ποιητικῶ(
833 978 1264 1060 ἐκτεταμένον.
1352 977 1526 1056 παρὰ
1579 978 1654 1041 τὸ
1711 976 1867 1042 ἄνευ
1920 975 2249 1042 ἄνευθεν
2305 977 2612 1057 φυλάττει
2666 981 2783 1041 τοῦ
2834 998 3006 1056 πρω-
3050 989 3083 1039 5

435 1080 722 1146 τοτύπου
763 1083 879 1147 τὸν
922 1081 1137 1147 τόνον.
1225 1079 1463 1161 ὁμοίω(
1517 1078 1668 1158 ἄτερ
1726 1077 2067 1158 ἄτερθεν.
2155 1079 2231 1143 τὸ
2278 1078 2646 1143 ἐντεῦθεν
2701 1099 3008 1158 προπερι-

437 1186 661 1248 (πᾶται
718 1184 893 1263 παρὰ
945 1184 1020 1248 τὸ
1073 1183 1375 1264 ἐνταῦθα,
1439 1182 1539 1246 καὶ
1603 1182 1778 1260 παρὰ
1830 1181 1906 1245 τὸ
1975 1180 2103 1246 ἐκεῖ
2166 1180 2648 1260 περιεπώμενον
2705 1180 3008 1247 ἐκεῖθεν

436 1286 1065 1366 προπεριεπώμενον.
1151 1284 1325 1363 παρὰ
1379 1284 1454 1348 τὸ
1499 1282 1687 1360 ἑγγύ(
1731 1282 2044 1349 ὀξύτονον
2099 1282 2428 1358 ἐγγύθεν
2481 1283 3007 1363 παροξυνόμενον

436 1387 537 1451 καὶ
580 1386 709 1451 ἀπὸ
754 1391 871 1453 τοῦ
913 1387 1083 1466 πρωῒ
1124 1386 1488 1465 πρωῒθεν.
1574 1387 1651 1451 τὸ
1696 1384 1973 1450 ἐ’καθεν
2019 1386 2120 1450 καὶ
2170 1384 2553 1450 ἀνέκαθεν
2598 1388 3005 1465 π’ροπαροξύ-

435 1509 625 1571 τονα,
671 1488 791 1554 οὐκ
834 1487 955 1554 οὖν
998 1489 1173 1567 παρὰ
1215 1488 1290 1553 τὸ
1336 1488 1482 1555 ἑκά(
1525 1487 1918 1567 ὀξυνόμενον
1963 1487 2292 1567 γενόμενα.
3049 1499 3113 1551 10

604 1590 698 1655 Τὰ
754 1591 842 1657 εἰ(
888 1579 957 1656 ’θῖ
988 1592 1091 1655 καὶ
1134 1590 1221 1654 εἰ(
1265 1594 1321 1654 ἴι
1364 1592 1480 1656 τὸν
1524 1596 1656 1655 τῶν
1702 1588 1790 1656 εἰ(
1832 1576 1950 1654 (Ἑν
1976 1590 2418 1670 ἐπιρρημάτων
2449 1589 2580 1668 ἔχει
2609 1590 2829 1673 τόνον,
2861 1591 3007 1656 οἷον

438 1692 692 1759 οἴκοθεν
758 1692 1046 1776 οἴκοθι,
1112 1692 1387 1772 ἀγρόθεν
1453 1690 1757 1774 ἀγρόθι,
1825 1692 2182 1770 οὐρανόθεν
2254 1691 2663 1774 οὐρανόθι,
2732 1692 3010 1776 ὑψόθι,

436 1794 743 1878 αὐτόθι,
789 1795 1210 1875 Ὀλυμπίαθεν
1255 1793 1791 1877 Ὀλυμπίαειν,
1852 1793 2124 1873 θύραθεν
2170 1794 2471 1877 θύραει,
2529 1794 2818 1874 Θήβηθεν
2864 1796 3008 1873 Θή-

437 1903 634 1979 βηει,
701 1897 1079 1991 Ἀθήνηει,
1146 1897 1581 1974 Ἀλωπεκῆθεν
1648 1895 2199 1980 Ἀλωπεκῆειν,
2265 1896 2585 1974 Ἑρχιᾶθεν
2642 1895 3006 1980 Ἐρχιᾶει,

433 1999 826 2064 Πλατειᾶθεν
879 1999 1383 2081 Πλατειᾶειν,
1440 1999 1708 2078 Θριᾱθεν
1755 1997 2055 2081 eptem,
2124 1999 2408 2076 Θριῶθεν
2466 1998 2817 2075 Θριῶειν.
2916 2001 3005 2066 Τό
3047 2007 3109 2058 15

436 2100 672 2180 &spect
739 2102 861 2181 «μὴ
930 2100 1130 2180 ὥρα(’
1202 2100 1475 2166 ἵκοιεθε»
1545 2098 1778 2184 (Arist.
1846 2098 2127 2186 Lysistr.
2202 2098 2392 2183 1037)
2456 2090 3007 2179 προπαροξύνεται
3087 2176 3094 2183 ⁸

602 2340 636 2391 l.
672 2343 703 2391 2
750 2357 848 2407 pro
884 2338 1370 2405 ὁρθοτονουμένου
1408 2338 1606 2404 sex-ipsi
1642 2336 2104 2401 ὁξυτονουμένου.
2307 2336 2389 2389 ὡ(
2434 2337 2550 2391 ἀπὸ
2586 2341 2687 2389 τοῦ
2726 2338 2902 2391 Πυθώ
2942 2369 3002 2379 -

437 2409 711 2472 Λεεβόθεν
748 2424 815 2458 ex
852 2408 932 2459 St.
969 2409 1030 2457 B.
1069 2411 1183 2468 139,
1224 2410 1304 2470 14,
1342 2407 1433 2457 καὶ
1469 2403 1620 2471 Θριώ
1660 2432 1723 2443 -
1760 2404 2016 2470 Θριῶθεν
2064 2423 2130 2457 ex
2167 2405 2246 2459 St.
2282 2407 2344 2457 B.
2389 2411 2446 2456 et
2482 2407 2726 2472 Theogn.
2765 2412 2880 2472 156,
2919 2413 3003 2473 33,

433 2478 527 2527 ubi
565 2492 661 2540 pro
698 2473 849 2541 Θριώ
887 2474 1078 2539 Θρῑο(,
1117 2491 1184 2525 ex
1222 2473 1412 2525 eodem
1447 2491 1499 2540 p.
1538 2476 1660 2536 157,
1698 2477 1729 2525 9
1772 2474 2063 2538 τηλῶθεν,
2112 2474 2253 2538 quod
2299 2489 2461 2540 quum
2506 2476 2784 2541 primitiva
2831 2477 3005 2528 forma

433 2543 677 2607 τηλόθεν
713 2545 811 2605 sit,
849 2549 997 2593 reete
1034 2559 1120 2608 ap.
1159 2542 1337 2592 Cram.
1374 2544 1879 2608 properispomenos
1915 2543 2179 2608 seriptum
2204 2547 2315 2605 eet,
2354 2557 2681 2607 quamquam
2705 2544 2880 2596 Bekk.
2907 2546 3008 2595 An.

437 2614 567 2662 1423
603 2627 633 2661 e
672 2610 784 2663 cod.
821 2612 1042 2661 Baroee.
1077 2607 1340 2674 τήλωθεν
1377 2609 1550 2660 dedit.
1632 2610 1717 2660 De
1757 2608 2005 2674 Κριῶθεν
2039 2610 2311 2676 Theogn.:
2355 2609 2425 2661 τὸ
2466 2608 2713 2679 Κριῶθεν
2750 2611 2864 2663 ἀπὸ
2900 2616 3002 2664 τοῦ

437 2676 721 2743 Κριώαθεν
755 2675 991 2740 γέγονεν
1028 2676 1406 2740 (υγκοπέντοε
1440 2679 1543 2727 τοῦ
1581 2678 1642 2741 ἃ,
1684 2679 1763 2731 St.
1801 2678 1865 2727 B.
1901 2681 2026 2741 385,
2062 2681 2119 2729 9:
2161 2676 2369 2743 Κριώα;
2409 2676 2481 2729 τὰ
2514 2680 2719 2731 τοπικὰ
2757 2677 3005 2744 Κριῶθεν

436 2745 578 2798 κατὰ
615 2745 901 2810 (υγκοπὴν
936 2744 1026 2798 καὶ
1066 2743 1271 2811 Κριῶζε
1318 2744 1408 2797 καὶ
1447 2743 1693 2810 Κριῶειν.
1763 2745 2008 2813 Theogn.
2057 2753 2349 2812 praeterea
2396 2747 2630 2813 profert:
2679 2751 2908 2801 τοιοῦτο
2943 2748 3003 2802 δὲ

434 2815 525 2867 καὶ
568 2814 637 2866 τὸ
672 2813 933 2879 τήνωθεν
979 2813 1029 2879 (7
1064 2813 1348 2879 τηνῶθεν)
1394 2814 1546 2879 παρὰ
1592 2812 1908 2881 Θεοκρίτῳ,
1960 2815 2104 2880 quod
2151 2816 2458 2882 exemplum
2499 2816 2712 2867 Ahrens
2759 2818 2824 2868 de
2872 2818 3002 2868 dial.

434 2885 562 2935 Dor.
601 2886 700 2935 375
746 2889 858 2934 not.
904 2898 937 2932 a
971 2882 1324 2948 Theognosto
1368 2882 1595 2948 reliquis
1639 2883 2008 2934 Herodianeis
2053 2884 2301 2934 additum
2344 2899 2466 2934 esse
2517 2886 2842 2950 suspicatur.
2919 2888 3002 2937 De

436 2969 716 3020 adverbiis
749 2968 809 3018 in
836 2953 987 3019 ἶθ-ἑν-
1014 2972 1070 3019 et
1105 2955 1255 3018 thee—v
1292 2967 1362 3018 ef.
1398 2968 1498 3034 Ep.
1525 2967 1612 3017 Cr.
1638 2969 1665 3017 1
1689 2969 1805 3030 318,
1841 2970 1875 3018 4
1910 2973 1967 3018 et
2003 2968 2071 3019 de
2106 2968 2332 3020 adverb.
2368 2969 2425 3019 in
2462 2971 2561 3021 θεν
2596 2970 2654 3019 in
2687 2970 3002 3022 universum

472 3095 484 3107 .
531 3055 659 3118 360,
712 3055 794 3103 11.
845 3079 914 3089 -
971 3053 1006 3103 1.
1045 3056 1074 3103 7
1123 3051 1190 3102 ‹le
1236 3049 1452 3102 ἐκεῖθεν
1497 3052 1568 3102 ef.
1614 3053 1760 3104 Mon.
1808 3054 1901 3116 27,
1945 3055 2003 3104 5:
2062 3051 2300 3104 ἐκεῖθενε
2357 3051 2523 3104 οὐδὲν
2568 3051 2646 3105 εἰ(
2690 3055 2789 3105 θεν
2826 3054 3002 3120 λῆγον

432 3070 713 3187 Ξπίρρημα
738 3120 977 3173 τοπικὸν
1000 3123 1071 3186 τῇ
1098 3124 1147 3170 ’ἐι
1171 3119 1460 3186 διφθόγγῳ
1487 3119 1889 3185 παραλήγεται,
1921 3118 2062 3172 ἀλλὰ
2082 3120 2257 3184 μόνον
2281 3120 2350 3172 τὸ
2376 3119 2603 3173 ἐκεῖθεν.
2640 3119 2821 3173 αἴτιον
2845 3121 2905 3174 δὲ
2931 3122 2999 3174 τὸ

434 3188 637 3242 πάθοε·
684 3187 716 3240 ὁ
751 3191 893 3252 γοῦν
933 3187 1186 3240 Ἀλκαῖο(
1221 3186 1475 3240 κεινόθεν
1509 3186 1657 3239 ἐετὶν
1704 3187 1851 3239 ὅπου
1895 3186 2232 3253 ἀπεφήνατο
2268 3188 2433 3240 αὐτό·
2469 3188 2569 3241 «αἲ
2602 3187 2708 3273 γάρ
2744 3189 2805 3241 κ’
2838 3188 2998 3242 ἄλλο·

431 3260 532 3309 θεν
585 3256 745 3322 ἔλθῃ,
799 3255 855 3308 τί
906 3256 967 3309 δὲ
1010 3256 1091 3321 φὴ
1136 3255 1378 3322 κήνοθεν
1423 3254 1707 3320 ἔμμεναι».
1785 3255 1855 3307 τὸ
1899 3255 1959 3308 δὲ
2005 3255 2119 3309 εἴθε
2164 3256 2452 3309 ἑπέκταει(
2497 3258 2588 3309 καὶ
2635 3273 2701 3309 ου
2745 3258 3001 3317 τοπικόν,

432 3342 609 3409 Apoll.
647 3341 714 3391 de
752 3341 877 3396 adv.
917 3344 1033 3404 574,
1069 3345 1117 3391 2.
1155 3368 1222 3377 -
1259 3340 1325 3391 de
1362 3338 1597 3404 ἐγγύθεν
1633 3344 1780 3393 Mon.
1807 3343 1891 3404 46,
1928 3344 2019 3393 25;
2057 3340 2224 3394 οὐδὲν
2262 3340 2339 3393 εἰ(
2375 3343 2474 3394 θεν
2510 3342 2685 3408 λῆγον
2721 3340 2997 3408 ἐπίρρημα

430 3414 515 3475 τῷ
552 3411 587 3460 ii
624 3408 1034 3474 παραλήγεται,
1081 3407 1224 3460 ἀλλὰ
1261 3407 1437 3472 μόνον
1470 3408 1539 3460 τὸ
1586 3408 1836 3473 ἐγγύθεν.
1906 3410 2010 3460 His
2054 3410 2320 3461 solitariis
2367 3427 2434 3460 ex
2480 3412 2726 3477 Theogn.
2770 3414 2890 3472 157,
2933 3415 2994 3464 17

432 3478 622 3529 addidi
669 3478 921 3541 πρωΐθεν
963 3476 985 3528 ἰ
1029 3477 1387 3544 praefinitum.
1457 3478 1521 3527 ln
1564 3476 1669 3530 fine
1715 3494 1783 3528 ex
1817 3478 2069 3543 Apollou.
2106 3479 2172 3528 de
2209 3477 2330 3528 adv.
2368 3481 2491 3543 570,
2530 3482 2594 3529 26
2633 3479 2994 3546 supplendum

429 3553 538 3598 est:
578 3543 722 3597 ἀλλὰ
758 3545 907 3610 παρὰ
942 3545 1011 3597 τὸ
1049 3544 1179 3597 ἕκα(
1215 3544 1305 3596 καὶ
1328 3544 1558 3607 ἄνεκαε,
1595 3552 1657 3597 ut
1681 3546 1902 3596 Atticos
1937 3545 2089 3596 nulla
2124 3552 2352 3612 cogente
2390 3547 2723 3598 necessitate
2762 3554 2992 3598 accentu

431 3618 668 3668 retracto
705 3616 1066 3678 pronunciare
1113 3614 1252 3665 haee
1290 3614 1549 3664 adverbia
1590 3614 1866 3678 perhibet,
1916 3613 2013 3664 sed
2057 3616 2174 3680 ipse
2214 3614 2389 3680 Apoll.
2427 3631 2476 3680 p.
2516 3617 2641 3678 605,
2681 3618 2742 3666 10
2789 3614 2991 3666 ἕκαθεν

429 3699 498 3748 ab
537 3696 664 3750 ἑκά(
702 3703 938 3764 oxytono
976 3704 1266 3764 propagat.
1329 3698 1438 3749 Sed
1475 3702 1788 3763 priusquam
1821 3698 1892 3748 ab
1922 3697 2204 3749 adverbiis
2243 3699 2301 3748 in
2336 3701 2436 3750 θεν
2461 3699 2817 3761 discedamus,
2851 3699 2991 3752 libet

431 3767 632 3832 legem,
671 3782 831 3831 quam
865 3766 1044 3832 Apoll.
1084 3767 1151 3817 de
1188 3766 1312 3817 adv.
1349 3768 1448 3817 605
1485 3766 1552 3817 de
1588 3767 1777 3817 horum
1814 3771 2048 3817 aeeentu
2094 3767 2404 3826 constituit,
2444 3782 2725 3818 enarrare:
2775 3783 2917 3832 quae
2954 3784 2988 3819 a

426 3835 737 3885 nominibus
774 3835 1104 3899 proveniunt
1137 3850 1313 3900 neque
1350 3834 1527 3885 vocali
1561 3836 1594 3884 ὃ
1630 3834 2054 3899 praefiniuntur,
2099 3841 2380 3885 accentum
2421 3836 2479 3886 in
2529 3851 2596 3884 ea
2641 3835 2884 3900 syllaba,
2931 3836 2989 3886 in

425 3918 534 3967 qua
556 3903 850 3967 genetivus
873 3903 1108 3952 nomInis
1132 3918 1254 3952 eum
1277 3902 1470 3966 habet,
1500 3908 1725 3954 servant
1747 3900 1919 3967 ἀρχῆ(
1943 3900 2209 3966 ἀρχῆθεν,
2237 3901 2421 3967 Θήβη(
2448 3902 2722 3967 Θήβηθεν,
2751 3902 2990 3968 Ἀθήνη(

428 3985 765 4052 Ἀθήνηθεν,
801 3988 905 4050 γῆ(
939 3988 1139 4051 γῆθεν,
1178 3984 1379 4039 Λυκία(
1415 3984 1703 4040 Λυκίαθεν.
1773 3988 1925 4050 Quae
1962 4003 2092 4037 vero
2127 3989 2160 4037 δ
2204 3989 2333 4039 “ante
2378 3989 2584 4038 exitum
2619 3990 2717 4039 θεν
2759 3989 2990 4050 habent,

426 4056 607 4105 omnia
660 4056 775 4104 fere
833 4061 1172 4120 paroxytona
1225 4061 1354 4106 sunt
1407 4056 1655 4120 exeeptis
1708 4053 1957 4118 οἴκοθεν,
2013 4053 2254 4106 ἄλλοθεν
2311 4061 2367 4106 et
2418 4053 2677 4120 ἔκτοθεν,
2738 4055 2985 4119 ἔνδοθεν,

426 4124 625 4188 quibus
660 4123 881 4187 quidam
916 4121 1200 4175 πάντοθεν
1236 4123 1470 4184 addunt;
1510 4124 1653 4189 quod
1690 4138 1855 4188 quum
1898 4125 1949 4175 ei
1985 4125 2279 4188 genetivus
2321 4130 2480 4174 acuto
2524 4130 2748 4176 notatus
2792 4125 2988 4185 subsit,

424 4193 604 4241 minus
640 4191 956 4242 excusabile
1005 4197 1091 4241 est
1126 4206 1285 4256 quam
1320 4189 1559 4243 ἄλλοθεν
1597 4197 1654 4244 et
1688 4189 1940 4254 οἴκοθεν,
1987 4192 2181 4257 quibus
2224 4193 2477 4256 barytoni
2521 4194 2766 4257 genetivi
2810 4190 2985 4243 ἄλλου

422 4257 581 4311 οἴκου
618 4260 920 4310 substracti
956 4265 1102 4311 sunt.
1168 4261 1359 4323 Neque
1396 4260 1575 4310 minus
1609 4260 1932 4310 offensionis
1967 4275 2128 4325 quam
2163 4257 2447 4310 πάντοθεν
2483 4259 2675 4311 eadem
2711 4260 2779 4310 de
2817 4275 2986 4310 eausa

422 4328 594 4378 habet
628 4327 860 4378 ἔκτοθεν
896 4327 966 4377 ab
1012 4333 1248 4391 oxytono
1295 4325 1457 4378 ἐκτό(
1503 4327 1858 4378 descendens.
1929 4331 2083 4391 Quae
2130 4343 2238 4377 non
2286 4344 2320 4377 a
2361 4329 2674 4379 nominibus
2719 4327 2986 4392 originem

422 4396 631 4448 ducunt
668 4401 725 4446 et
761 4396 873 4445 alia
907 4398 1072 4460 atque
1108 4396 1142 4445 δ
1176 4396 1357 4446 vocali
1392 4395 1808 4461 praefiniuntur,
1849 4395 1939 4445 vel
1976 4397 2024 4445 si
2058 4396 2128 4445 ab
2156 4396 2413 4460 oxytouis
2447 4401 2509 4445 ut
2534 4394 2734 4448 ἕκαθεν
2760 4397 2829 4446 ab
2856 4393 2984 4446 ἑκά(

423 4469 826 4530 propagantur,
867 4468 1305 4528 proparoxytona
1342 4470 1471 4513 sunt
1504 4468 1726 4529 praeter
1769 4462 2004 4525 ἐγγύθεν
2051 4469 2107 4513 et
2142 4465 2415 4527 χαμᾶθεν,
2462 4463 2676 4516 ἐκεῖθεν
2721 4479 2851 4514 vero
2890 4480 2989 4528 per

425 4547 451 4581 e
490 4549 704 4598 ncopen
749 4537 1060 4583 excusatur.
1265 4531 1298 4580 l.
1340 4534 1400 4581 12
1445 4529 1753 4596 οὐρανόθεν
1795 4558 1863 4567 -
1908 4529 2106 4583 αὐτόθι
2160 4538 2288 4582 sunt
2333 4548 2397 4583 ex
2443 4532 2690 4598 Theogn.
2737 4533 2849 4594 157,
2898 4535 2984 4591 20,

427 4549 801 4662 ’ὅλυμπίαθεν
839 4597 1165 4661 Ὀλυμπίαει
1209 4615 1303 4664 pro
1342 4597 1716 4661 Ὀλυμπιᾶθεν
1763 4597 2124 4662 Ὀλυμπιᾶειν
2169 4600 2376 4652 emend.
2407 4600 2692 4664 ·Dindorf.,
2739 4598 2981 4663 θύραθεν

427 4692 487 4701 —-
526 4666 784 4734 Ἀθήνηει
821 4668 1005 4734 recepi
1051 4684 1117 4719 ex
1153 4667 1396 4733 Theogn.
1435 4670 1554 4729 157,
1592 4670 1682 4730 26,
1730 4666 2129 4732 Ἀλωπεκῆθεν
2175 4684 2270 4732 pro
2306 4666 2713 4734 Ἀλωπήκηθεν
2748 4669 2982 4719 seriben-

427 4732 551 4784 dum
587 4752 708 4787 esse
747 4736 886 4786 vidit
923 4735 1225 4800 Goettling.
1264 4735 1330 4787 de
1368 4742 1573 4786 aecent.
1612 4752 1664 4802 p.
1703 4737 1799 4787 351
1840 4737 1910 4786 ef.
1948 4736 2027 4786 St.
2063 4739 2126 4788 B.
2162 4738 2246 4798 80,
2286 4739 2371 4787 1οε
2413 4734 2734 4801 Ἀλωπεκήε
2783 4734 2854 4787 τὰ
2889 4750 2979 4786 το-

428 4800 559 4852 πικὰ
595 4802 991 4870 Ἀλωπεκῆθεν
1040 4802 1432 4868 Ἀλωπεκήνὸε
1471 4802 1834 4869 Ἀλωπεκῆα.
1916 4802 2193 4868 Ἐρχιᾶθεν
2237 4832 2301 4839 -
2346 4802 2583 4869 Θριῶειν
2629 4811 2980 4856 accesserunt

426 4884 493 4919 ex
526 4870 768 4936 Theogn.
805 4900 869 4907 —
904 4874 988 4923 De
1027 4871 1199 4936 ὥραει
1235 4872 1306 4926 ef.
1342 4872 1522 4938 Apoll.
1561 4874 1627 4924 de
1664 4874 1789 4926 adv.
1826 4874 1942 4936 537,
1984 4876 2061 4937 14,
2098 4875 2233 4926 Lob.
2271 4873 2353 4924 El.
2376 4874 2433 4926 11
2467 4876 2566 4926 299
2602 4878 2659 4925 et
2695 4875 2794 4925 250
2827 4888 2982 4939 seqq.
