3664 5546
1206 407 1363 464 περι
1405 403 1795 462 κΑοοΛικι-ις
1831 401 2268 460 προςΩιΔιΑς.
2986 395 3029 464 9

448 584 740 668 βραχείας
806 584 1094 662 ληκτικῆς
1161 579 1275 662 ἐφ’
1329 579 1557 659 ἑαυτῆς
1612 577 1849 658 ἔχουςα
1912 577 2028 643 τὸν
2092 574 2289 642 τόνον
2354 573 2759 654 περιςπᾶται,
2826 567 3028 652 οἶκος,
3101 575 3109 585 ’

448 688 638 771 ἦθος,
704 684 908 767 ὦμος·
973 682 1168 764 χωρὶς
1219 686 1350 748 τῶν
1405 681 1511 746 διὰ
1563 684 1682 746 τοῦ
1726 683 1760 744 ῖ
1809 681 1851 759 ἢ
1906 667 1977 745 δὲ
2031 677 2575 758 ἐπεκτεταμένων·
2651 677 2851 739 ταῦτα
2903 671 3028 751 γὰρ

450 789 755 872 φυλάττει
799 788 916 854 τὸν
961 784 1189 868 τόνον,
1233 783 1346 849 ἅτε
1389 784 1467 863 δὴ
1498 786 1791 864 περιττῆς
1838 782 2028 862 οὔςης
2068 785 2180 861 τῆς
2209 782 2536 860 ςυλλαβῆς.
2605 773 3029 857 παροξύνεται

453 895 614 969 γοῦν
656 891 732 959 τὸ
777 888 944 969 ναίχι
986 887 1090 954 καὶ
1127 885 1263 954 εἴθε
1309 886 1411 950 καὶ
1453 884 1609 952 αἴθε.
1695 886 1883 953 ἔνθεν
1939 883 2356 965 ςημειούμεθα
2409 883 2485 948 τὸ
2543 880 2688 962 οὐχί
2730 878 3030 959 ὀξυνόμε-

454 1012 601 1060 νον·
644 993 721 1061 τὸ
765 993 838 1058 δὲ
880 992 986 1076 ᾗχι
1028 991 1533 1070 προπεριςπᾶται
1580 989 1714 1074 «ᾗχι
1757 987 1920 1069 ῥοὰς
1959 986 2202 1069 (ιμόεις
2246 985 2676 1069 ςυμβάλλετον
2719 982 2835 1064 ἠδὲ
2879 981 3031 1049 Εκά-
3071 993 3105 1046 5

459 1098 778 1177 μανδρος»
826 1093 899 1176 (Ε
943 1091 1111 1174 774).
1198 1091 1270 1156 Ἠ
1318 1095 1382 1156 ἇῑ
1426 1092 1529 1157 καὶ
1569 1096 1635 1156 οἶ
1678 1090 1749 1158 ἐν
1803 1092 1971 1158 τέλει
2025 1090 2261 1158 λέξεων
2315 1088 2622 1171 κείμεναι,
2676 1086 2757 1167 μὴ
2812 1085 3032 1165 ἐπιφε,

456 1199 736 1280 ρομένου
781 1194 1133 1277 ςυμφώνου
1144 1243 1165 1278 ,
1208 1193 1314 1259 ἐπὶ
1369 1195 1483 1273 μὲν
1536 1197 1668 1259 τῶν
1714 1192 1933 1260 ἄλλων
1978 1192 2240 1259 πάντων
2285 1190 2429 1258 ἀντὶ
2484 1187 2778 1271 βραχείας
2831 1206 3033 1267 παρα·

456 1300 919 1382 λαμβάνονται,
995 1296 1100 1361 ἐπὶ
1162 1295 1378 1377 μέντοι
1455 1298 1588 1361 τῶν
1645 1290 1968 1362 ἐὐκτικῶν
2027 1295 2131 1361 καὶ
2191 1298 2323 1360 τῶν
2388 1290 2834 1373 έπιῤῥημάτων
2894 1287 3037 1356 ἀντὶ

458 1405 723 1483 μακρᾶς·
783 1398 929 1466 οἷον
982 1401 1100 1464 τοῦ
1154 1398 1269 1479 μὲν
1324 1398 1589 1477 πρώτου
1640 1399 1718 1463 τὸ
1764 1398 2036 1477 Μήδειαι
2089 1397 2192 1462 καὶ
2243 1394 2575 1476 ἄνθρωποι
2628 1391 3036 1474 προπαροξύ-

460 1522 709 1571 νονται·
755 1502 848 1567 ἔτι
891 1502 964 1568 δὲ
1007 1500 1110 1566 καὶ
1150 1500 1226 1566 τὸ
1270 1503 1495 1582 μοῦςαι
1538 1500 1642 1565 καὶ
1683 1504 1907 1580 κοῦροι
1949 1502 2484 1582 προπεριςπᾶται,
2530 1497 2621 1562 ὡς
2648 1500 2780 1562 τῶν
2823 1498 3036 1561 τελευ·
3076 1505 3139 1557 10

463 1606 661 1673 ταίων
707 1606 1038 1684 ςυλλαβῶν
1084 1607 1395 1684 βραχειῶν
1442 1602 1669 1669 οὐςῶν.
1757 1603 1812 1669 εἰ
1857 1604 1928 1669 δὲ
1972 1603 2322 1685 ςύμφωνον
2368 1601 2768 1683 ἐπιφέρεται,
2813 1598 3042 1680 μακραί

463 1709 781 1789 γίνονται,
825 1705 978 1771 ὅθεν
1020 1708 1158 1770 τοῖς
1200 1704 1499 1786 Ὁμήροις
1543 1706 1646 1770 καὶ
1686 1709 1823 1770 ταῖς
1869 1705 2173 1784 Μηδείαις
2228 1705 2267 1771 ὁ
2319 1704 2512 1770 τόνος
2567 1700 3040 1783 καταβιβάζεται

463 1811 565 1876 καὶ
606 1809 735 1888 πρὸ
779 1811 920 1889 μιᾶς
962 1810 1080 1872 τοῦ
1121 1807 1348 1873 τέλους
1392 1806 1542 1875 ὀξὺς
1584 1807 1856 1874 δίδοται·
1903 1808 2140 1889 ὁμοίως
2181 1808 2284 1874 καὶ
2326 1806 2431 1872 ἐπὶ
2472 1787 2610 1872 ταῖς
2640 1802 2898 1884 μούςαις
2940 1802 3044 1865 καὶ

465 1911 738 1991 κούροις.
844 1909 919 1977 τὸ
975 1909 1191 1989 μέντοι
1248 1908 1411 1975 οἴκοι
1466 1912 1733 1976 τοπικὸν
1799 1909 2114 1992 ἑπίῤῥημα
2178 1912 2282 1976 καὶ
2343 1908 2517 1991 οἴμοι
2579 1903 3041 1987 ςχετλιαςτικὸν

466 2011 1097 2093 προπαροξύνονται’
1160 2011 1393 2095 καίτοι,
1462 2010 1572 2077 ὅτε
1627 2011 1791 2079 ἑςτὶν
1857 2013 2065 2094 ὄνομα
2126 2014 2203 2078 τὸ
2262 2010 2460 2096 οἶκοι,
2521 2009 3042 2090 προπεριςπᾶται.
3081 2014 3144 2065 15

467 2116 636 2184 ἀλλὰ
676 2115 779 2182 καὶ
818 2114 896 2182 τὸ
939 2117 1192 2193 ποιῆςαι
1236 2115 1341 2180 καὶ
1381 2117 1613 2198 κεῖραι,
1657 2114 1712 2180 εἰ
1755 2117 1870 2197 μὲν
1914 2115 2382 2199 ἀπαρέμφατον
2425 2112 2523 2196 εἴη
2539 2163 2557 2198 ,
2611 2112 3043 2195 προπεριςπᾶ-

469 2474 563 2529 ἐπὶ
598 2476 702 2527 τοῦ
739 2471 1120 2592 χὲυςόκερως,
1158 2470 1506 2537 φιλόγελωςς
1543 2493 1595 2540 p.
1631 2479 1758 2543 403,
1799 2481 1862 2529 12
1900 2477 2145 2529 additur:
2184 2477 2275 2529 καὶ
2310 2474 2480 2540 χωρίς
2525 2476 2629 2526 τοῦ
2675 2476 2711 2539 ἦ
2747 2474 2850 2524 τοῦ
2898 2485 3044 2533 γινο-

470 2541 643 2607 μένου
678 2540 757 2593 ἀπ
829 2543 1047 2605 τροπῆς
1081 2541 1184 2604 τῆς
1221 2544 1274 2593 ᾶι
1310 2542 1620 2608 διφθόγγου
1657 2545 1809 2611 παρὰ
1844 2549 1962 2597 τοῖς
2001 2545 2292 2598 Βοιωτοῖς·
2328 2542 2538 2596 τούτου
2574 2542 2680 2606 γὰρ
2716 2540 2810 2593 ἐπὶ
2846 2539 3046 2592 τέλους

472 2611 638 2664 ὄντος
677 2607 943 2661 πολλάκις
958 2604 1140 2685 *τρίτη
1177 2606 1292 2661 ἀπὸ
1328 2612 1526 2664 τέλους
1562 2610 1756 2665 πίπτει
1792 2612 1830 2678 ἡ
1889 2613 2055 2666 ὀξεῖα.
2124 2614 2194 2686 ‘tp
2239 2613 2345 2678 γὰρ
2380 2610 2664 2674 τύπτομαι
2709 2607 2763 2661 οἱ
2809 2606 3048 2660 Βοιωτοί

470 2677 779 2744 τρέποντες
814 2677 922 2742 τὴν
960 2691 1015 2728 αι
1051 2673 1360 2741 δίφθογγον
1405 2678 1484 2731 εἰς
1527 2679 1597 2731 τὸ
1631 2686 1666 2746 ῆ
1703 2681 2188 2748 προπαροξύνουςι
2233 2681 2325 2732 καί
2368 2678 2588 2742 λέγουςι
2630 2677 2911 2741 τύπτομη.
2965 2674 3048 2727 ἔτι

473 2747 557 2801 δεῖ
592 2747 937 2813 προςθεῖναι,
986 2743 1076 2797 καὶ
1120 2744 1290 2811 χωρίς
1336 2750 1440 2801 τοῦ
1478 2752 1510 2800 ῦ
1557 2752 1660 2801 τοῦ
1709 2752 1922 2815 μακροῦ
1968 2752 2072 2803 τοθ
2119 2747 2418 2814 γινομένου
2454 2746 2570 2800 ἀπὸ
2604 2747 2823 2813 τροπῆς
2858 2746 2960 2810 τῆς
2996 2747 3049 2796 ιΤι

471 2815 780 2881 διφθόγγου
816 2812 969 2893 παρᾴ
1002 2815 1121 2864 τοῖς
1159 2812 1441 2868 Βοιωτοῖς.
1485 2816 1695 2870 τούτου
1729 2820 1837 2885 γὰρ
1872 2819 1967 2872 ἐπὶ
2001 2819 2201 2872 τέλους
2227 2818 2395 2871 ὄντος
2432 2814 2700 2869 πολλάκις
2734 2811 2896 2878 τρίτη
2933 2812 3049 2864 ἀπὸ

472 2883 671 2937 τέλους
699 2881 902 2961 πίπτει
936 2896 972 2946 η
1011 2880 1184 2933 ὀξεῖα·
1221 2881 1291 2934 τὸ
1334 2885 1444 2951 γὰρ
1477 2882 1717 2952 ’Ὀμηροι
1760 2887 2072 2952 τρέποντες
2114 2888 2223 2953 τήν
2270 2891 2323 2941 δι
2367 2884 2678 2950 δίφθογγον
2721 2882 2775 2935 οἱ
2813 2881 3050 2936 Βοιωτοί

476 2952 552 3006 είς
588 2952 658 3004 τὸ
695 2967 727 3003 υ
775 2949 990 3016 μακρὸν
1034 2952 1518 3016 προπαροξύνουςι
1566 2955 1655 3007 καί
1692 2954 1948 3019 λέγουςιν
1982 2955 2218 3022 Ὅμηρυ.
2289 2956 2450 3008 Prius
2494 2954 2946 3004 adnotamentum
2982 2949 3061 3008 de,

474 3027 530 3084 αἶ
593 3022 652 3071 in
705 3022 810 3072 fine
872 3019 1121 3085 syllabae
1179 3034 1246 3070 ex
1307 3023 1626 3074 Herodiano
1691 3026 1925 3091 petitum
1989 3040 2109 3077 esse
2176 3031 2418 3077 testatur
2468 3021 2726 3073 Eustath.
2780 3021 2904 3082 365,
2957 3021 3050 3069 27:

477 3086 833 3155 Ἡρακλείδης
872 3086 1009 3139 ἄνευ
1043 3088 1148 3138 τοῦ
1185 3089 1219 3138 ἶ
1256 3088 1458 3155 γράφει
1494 3091 1629 3143 τοὺς
1665 3091 1780 3145 ἀπὸ
1816 3094 1921 3144 τοῠ
1960 3091 2213 3145 Μαίονας
2249 3090 2559 3159 κληθέντας
2596 3088 2830 3155 Μῄονας
2866 3084 3053 3149 λέγων

477 3155 752 3235 Βοιωτίαν
788 3155 935 3207 εἶναι
970 3155 1078 3219 τὴν
1111 3155 1383 3224 τοιαύτην
1422 3160 1739 3224 μεταβολὴν
1776 3160 1853 3212 ὡς
1890 3162 2012 3212 τῶν
2038 3159 2310 3214 Βοιωτῶν
2344 3160 2451 3225 τὴν
2489 3158 2630 3224 ὅλην
2666 3162 2720 3209 ᾱῖ
2744 3154 3053 3220 δίφθογγον

478 3225 554 3278 εἰς
590 3242 624 3291 η
661 3222 980 3287 καταμόνας
1019 3224 1521 3290 μεταβαλλόντων,
1560 3227 1639 3279 ὥς
1686 3243 1795 3281 που
1834 3229 1924 3281 καί
1970 3229 2001 3281 ό
2039 3228 2402 3295 Χοιροβοςκός
2452 3226 2951 3292 παραςημειοῠται,
2990 3221 3054 3274 ἐν

476 3293 562 3349 οἷς
598 3293 873 3359 ἐξηγεῖται
906 3291 1028 3344 τὸν
1066 3291 1484 3357 Ἡρωδιανὸν
1520 3294 1707 3359 λέγων
1744 3298 1834 3349 καὶ
1872 3297 1960 3349 ὅτι
1995 3297 2096 3349 τὰς
2141 3298 2385 3363 θηλυκὰς
2415 3292 2793 3361 πληθυντικὰς
2835 3288 3054 3344 εὐθείας

477 3364 599 3415 τῶν
637 3361 968 3426 παθητικῶν
1005 3359 1339 3414 ἐνεςτώτων
1382 3363 1452 3415 τὸ
1489 3364 1819 3428 ποιούμεναι
1866 3364 2163 3429 λεγόμεναι
2209 3367 2301 3419 καί
2346 3366 2418 3418 τὰ
2461 3365 2698 3415 τοιαῦτα
2743 3359 3054 3424 ποιούμενη

479 3430 757 3495 λεγόμενη
804 3426 1009 3480 ἐκεῖνοί
1054 3442 1242 3492 φαςιν·
1289 3431 1446 3483 οὕτω
1492 3431 1553 3484 δὲ
1600 3434 1690 3485 καὶ
1732 3433 1804 3486 τὰ
1850 3433 2030 3498 ὅμοια.
2111 3436 2182 3487 cf.
2226 3436 2437 3486 Ahrens
2485 3433 2553 3483 de
2598 3430 2726 3483 dial.
2759 3429 2912 3482 Aeol.
2961 3429 3057 3478 186

479 3506 593 3552 not.
631 3503 687 3562 1,
725 3507 893 3563 atque
931 3497 1167 3547 alterum
1213 3500 1380 3551 etiam
1419 3500 1487 3551 de
1523 3504 1556 3551 ῦ
1594 3510 1977 3569 praeceptum,
2026 3503 2157 3568 quin
2195 3520 2260 3554 ex
2296 3501 2615 3554 Herodiano
2654 3502 2927 3564 sumptum
2963 3497 3057 3558 sit,

482 3584 590 3618 non
628 3567 819 3618 dubito
857 3565 928 3645 cf.
963 3565 1179 3645 Aixrens
1214 3584 1267 3633 p.
1305 3570 1400 3620 191
1440 3573 1553 3621 not.
1589 3572 1637 3621 6.
1876 3571 1912 3622 1.
1949 3574 1981 3622 2
2026 3572 2110 3623 Ab
2147 3572 2226 3623 10.
2263 3572 2420 3622 Alex.
2457 3568 2764 3636 praeterita
2808 3571 2895 3617 est
2930 3578 3059 3616 con·

484 3635 720 3715 suetudo
766 3635 1112 3713 Doriensium
1158 3637 1523 3689 nominativos
1574 3641 1775 3690 tertiae
1816 3639 2235 3703 declinationis,
2277 3640 2371 3705 qui
2415 3638 2583 3702 vulgo
2666 3632 3058 3701 roparoxytoni

481 3704 571 3755 vel
606 3717 974 3770 penspomem
1012 3707 1166 3765 sunt,
1202 3704 1261 3754 in
1297 3705 1544 3769 proxima
1579 3706 1808 3758 ultimae
1846 3707 2107 3771 acuendi,
2145 3724 2307 3775 quam
2344 3710 2611 3759 consuetu
2652 3704 2793 3755 inem
2828 3703 2919 3753 hic
2954 3715 3059 3750 me·

482 3777 744 3824 moratam
779 3770 954 3821 fuisse
996 3770 1230 3823 couiicio
1267 3788 1336 3823 ex
1374 3773 1569 3824 Choer.
1604 3776 1722 3838 427,
1762 3777 1825 3826 19
1861 3773 1915 3826 οἱ
1938 3775 2176 3841 Δωριεῖς
2214 3775 2401 3828 ὀξεῖαν
2438 3770 2773 3838 παρέχουςιν
2807 3769 2901 3822 ἐπὶ
2936 3770 3059 3819 τῶν

481 3838 763 3892 τοιούτων
798 3834 924 3889 οἷον
962 3836 1179 3903 παῖδες,
1218 3837 1402 3903 αἶγες,
1440 3844 1723 3903 γυναῖκες·
1768 3845 1951 3894 ταῦτα
1995 3843 2102 3908 γὰρ
2145 3842 2305 3908 ἡμεῖς
2344 3842 2445 3907 μὲν
2483 3841 2870 3905 περιςπῶμεν,
2910 3834 2963 3887 οἱ
2997 3834 3059 3887 δὲ

482 3908 720 3972 Δωριεῖς
757 3904 1181 3971 παροξύνουςιν,
1220 3905 1552 3972 ὀφείλοντες
1590 3910 1680 3962 καὶ
1720 3910 1884 3962 αὐτοὶ
1921 3914 2310 3977 προπεριςπᾶν
2347 3918 2404 3963 et
2427 3928 2480 3977 p.
2506 3911 2621 3969 651,
2652 3911 2729 3966 15,
2766 3907 2860 3957 ubi
2895 3905 3057 3956 etiam

480 3978 628 4027 aliae
664 3976 903 4025 Doricae
952 3974 1219 4027 dialectus
1265 3977 1637 4043 proprietates
1683 3980 2014 4030 afferuntur:
2061 3979 2331 4032 πολλάκις
2375 3978 2430 4031 οἱ
2471 3977 2708 4041 Δωριεῖς
2751 3971 3060 4038 ἐναλλαγὰς

486 4046 782 4098 ποιοῦνται
825 4041 1019 4094 τόνων
1065 4042 1207 4108 πρὸς
1251 4044 1361 4109 τὴν
1406 4046 1600 4109 κοινὴν
1646 4044 1963 4099 διάλεκτον·
2010 4048 2101 4099 καὶ
2136 4048 2243 4113 γὰρ
2287 4047 2388 4099 τὰς
2436 4044 2576 4110 παρ’
2619 4043 2753 4107 ἡμῖν
2798 4055 3062 4106 προπερι-

486 4110 782 4175 ςπωμένας
821 4108 993 4162 λέξεις
1029 4110 1192 4163 αὐτοὶ
1229 4112 1633 4178 παροξύνουςιν
1670 4112 1795 4166 οἷον
1835 4117 2007 4168 πᾶνες
2043 4114 2244 4179 πάνες,
2291 4115 2448 4179 αἶγες
2491 4112 2672 4175 αἶγες,
2713 4112 2906 4175 φῶτες
2942 4106 3062 4173 φώ·

483 4195 597 4243 τες,
634 4179 726 4231 καὶ
762 4175 931 4230 πάλιν
976 4178 1076 4232 τὰς
1124 4179 1266 4245 παρ’
1303 4180 1436 4245 ἡμῖν
1483 4182 1827 4248 βαρυτόνους
1874 4182 2047 4236 λέξεις
2095 4182 2258 4236 αὐτοὶ
2304 4181 2574 4235 πολλάκις
2622 4179 2946 4245 περιςπῶςι·
2993 4175 3063 4228 τὸ

485 4248 591 4313 γὰρ
627 4246 864 4300 πάντων
901 4247 991 4298 καὶ
1038 4246 1259 4300 παίδων
1295 4252 1533 4301 παντῶν
1579 4251 1668 4302 καί
1716 4251 1943 4303 παιδῶν
1983 4251 2202 4315 λέγουςι
2246 4249 2713 4317 περιςπωμένως·
2759 4246 2849 4299 καὶ
2894 4244 3064 4297 πάλιν

485 4316 585 4369 τὰς
624 4316 768 4381 παρ’
804 4316 938 4378 ἡμῖν
974 4316 1403 4381 περιςπωμένας
1441 4317 1614 4371 λέξεις
1650 4319 1814 4371 αὐτοὶ
1852 4318 2121 4373 πολλάκις
2167 4319 2563 4373 ςυςτέλλοντες
2608 4316 2896 4370 ὸξύνουςιν
2940 4310 3066 4365 οἷον

487 4386 861 4449 δαςμοφορεῖν
896 4382 987 4434 καὶ
1023 4388 1206 4437 ποιεῖν
1241 4384 1406 4438 αὐτοὶ
1442 4387 1796 4453 δαςμοφορέν
1834 4389 1925 4441 καί
1962 4388 2123 4441 ποιέν
2148 4388 2424 4452 λέγουςιν·
2464 4386 2657 4450 ἐπειδὴ
2694 4384 2798 4437 οὖν
2835 4382 3065 4434 έναλλαο

486 4453 587 4517 γάς
624 4452 814 4504 τόνων
852 4453 1147 4505 ποιοῦνται
1184 4452 1238 4506 oi
1273 4453 1511 4518 Δωριεῖς
1548 4455 1691 4521 πρὸς
1726 4456 1836 4520 τὴν
1886 4457 2080 4521 κοινὴν
2125 4455 2444 4519 διάλεκτον,
2484 4452 2717 4506 εἰκότως
2761 4452 3067 4517 περιςπῶςι

487 4521 621 4573 τοὺς
677 4519 987 4585 όριςτικοὺς
1043 4520 1352 4584 μέλλοντας
1398 4526 1593 4588 τυψῶ,
1640 4526 1873 4589 γραψῶ,
1912 4525 2085 4587 λεξῶ,
2132 4523 2381 4590 ἀμελξῶ,
2424 4522 2520 4576 ἵνα
2567 4522 2657 4574 καί
2701 4520 2795 4572 ἐπί
2838 4518 3067 4571 τούτων

490 4589 806 4654 ἐναλλαγὴν
843 4585 1188 4652 ποιήςωνται
1223 4590 1396 4642 τόνου
1433 4591 1576 4657 πρὸς
1612 4592 1720 4655 τήν
1758 4592 1954 4657 κοινὴν
1989 4592 2283 4645 διάλεκτον
2319 4596 2392 4645 cf.
2429 4592 2640 4643 Ahrens
2678 4590 2743 4640 de
2780 4588 2912 4641 dial.
2937 4589 3067 4638 Dor.

488 4662 554 4710 29
592 4674 716 4708 cum
751 4663 863 4708 not.
903 4660 953 4708 9.
989 4686 1048 4695 —
1090 4660 1174 4712 De
1210 4657 1357 4723 ναίχι
1393 4657 1508 4712 εἴθε
1546 4657 1669 4712 αἴθε
1710 4662 1783 4710 cf.
1821 4661 1890 4714 11.
1926 4663 2015 4715 Pr.
2057 4660 2095 4713 Κ
2132 4665 2256 4717 292:
2297 4662 2363 4712 de
2400 4661 2492 4727 ᾗχι
2528 4656 2653 4722 οὐχί
2688 4660 2767 4708 Io.
2804 4656 2891 4707 Al.
2928 4658 3011 4716 37,
3037 4657 3069 4706 5

488 4729 615 4780 Are.
657 4729 766 4789 183,
809 4729 886 4778 10.
1071 4725 1105 4778 1.
1142 4730 1176 4779 8
1212 4727 1404 4791 μέντοι
1444 4745 1540 4795 pro
1579 4727 1680 4791 μέν
1719 4729 1970 4780 Dindorf.
2124 4730 2160 4784 l.
2204 4734 2259 4781 11
2299 4729 2601 4793 ςύμφωνος
2639 4725 2758 4776 cod.
2931 4724 2966 4774 1.
3008 4726 3068 4774 14

493 4795 558 4847 de
596 4791 739 4846 οἶκοι
775 4793 848 4844 cf.
885 4795 961 4844 Io.
998 4793 1082 4847 Al.
1116 4798 1208 4858 36,
1249 4799 1311 4847 12
1347 4802 1405 4846 et
1441 4797 1508 4848 de
1547 4795 1694 4860 οἶμοι
1738 4798 1817 4851 Ιο.
1855 4797 1942 4848 ΔΙ.
1977 4799 2070 4861 36,
2112 4801 2188 4851 18.
2263 4799 2555 4850 Caeterum
2590 4811 2655 4845 ex
2691 4792 3069 4844 adverbiorum

493 4878 714 4913 numero
751 4862 1122 4927 excipiuntur,
1162 4866 1293 4931 quia
1322 4869 1379 4917 αἰ
1425 4882 1523 4932 pro
1558 4866 1714 4919 brevi
1749 4865 2045 4933 accipitur,
2093 4865 2264 4919 πάλαι
2310 4864 2401 4918 καί
2445 4862 2519 4915 τὰ
2553 4861 2697 4929 παρ’
2729 4860 2908 4919 αὐτοῦ
2945 4857 3070 4918 οἷον

494 4930 758 4996 ἔκπαλαι,
796 4928 1081 4993 πρόπαλαι
1119 4933 1310 4985 Choer.
1345 4936 1465 4997 402,
1501 4937 1551 4987 3.
