3664 5546
1176 333 1333 389 ΠΕΡΙ
1373 334 2213 390 ΚΑΘΟΛΙΚΗΕ·ΠΡΟ(ΩιΔΙΑΕ
2253 336 2327 389 ΙΒ.
2935 334 3062 398 325
3158 400 3169 408 ,

472 510 757 591 ρύνεται,
815 508 870 573 εἰ
914 508 995 587 μὴ
1040 506 1137 586 εἴη
1182 507 1251 571 ἐκ
1295 505 1738 586 ςυναιρέςεως,
1786 503 1985 584 (άμη
2030 508 2253 587 νῆςος,
2311 505 2611 583 καλάμη
2665 505 2768 568 καὶ
2814 504 3058 568 Καλά-

471 632 598 690 μαι
643 611 828 676 πόλις
871 609 1399 687 Πελοποννήςου.
1486 606 1851 672 Παυςανίας
1905 606 2189 689 τετάρτῳ
2246 607 2331 688 (ο.
2376 604 2492 687 31,
2537 605 2624 687 3).
2711 598 3059 688 παλάμη,

470 713 839 791 Ζαδράμη
887 710 1199 792 βαςίλειον
1228 714 1360 775 τῶν
1393 709 2008 774 Κυναιδοκολπιτῶν.
2084 707 2419 789 θαλάμη,
2467 708 2819 785 Θαλάμαι
2872 708 3058 772 πόλις

470 819 578 893 τῆς
628 813 991 893 Μεςςηνίας.
1050 812 1439 890 Θεόπομπος
1481 816 1829 895 τριακοςτῷ
1876 811 2155 893 δευτέρῳ
2184 794 2599 874 Φιλιππικῶν.
2660 809 3058 887 Κοροκον-

471 916 667 995 δάμη
743 914 1010 994 πληςίον
1090 912 1391 991 (ινώπης.
1511 912 1967 990 Ἀρτεμίδωρος
2041 911 2361 995 ἑνδεκάτῳ
2433 912 3056 990 γεωγραφουμένων.
3095 920 3127 971 5

469 1018 804 1097 Ὀργάμη
850 1017 1036 1081 πόλις
1079 1015 1149 1080 ἐν
1195 1020 1286 1097 τῷ
1326 1014 1561 1097 Ἴςτρῳ.
1608 1012 1931 1078 Ἑκαταῖος
1963 1014 2251 1097 Εὐρώπῃ.
2297 1014 2372 1078 τό
2419 1014 2491 1077 δὲ
2536 1012 2867 1092 ςπιθαμή
2914 1012 3058 1081 ὀξύ·
3140 1093 3153 1101 ἱ

471 1140 644 1184 νεται
700 1120 803 1183 καὶ
854 1118 930 1182 τὸ
974 1116 1315 1195 Ἱεραμαί·
1356 1115 1541 1180 πόλις
1599 1115 1842 1193 Καρίας.
1931 1116 2007 1180 τὸ
2062 1117 2133 1179 δὲ
2191 1119 2479 1193 ςηςαμῆ
2538 1118 2910 1192 περιςπᾶται
2969 1115 3060 1179 ὥς

470 1222 539 1287 ἐκ
583 1218 1013 1298 ςυναιρὲςεως.
1671 1208 1674 1209 ’

641 1345 679 1381 ιι
722 1321 815 1386 Τὰ
882 1319 969 1385 εἰς
1032 1321 1117 1398 μῆ
1180 1319 1678 1398 παραληγόμενα
1741 1324 1834 1402 τῷ
1899 1321 1932 1382 ἒ
1999 1317 2227 1382 ςπάνια
2290 1316 2449 1385 ὄντα
2518 1317 2853 1397 βαρύνεται
2912 1316 3058 1383 οἷον

474 1425 724 1504 Κρέμη
757 1422 954 1492 ,πόλις
995 1421 1273 1486 Πόντου.
1361 1419 1628 1495 Φλέγων
1675 1418 1892 1502 ὀγδόῳ
1938 1424 2274 1499 χρονικῶν.
3098 1428 3162 1480 10

638 1525 733 1590 Τὰ
777 1522 864 1587 εἰς
909 1526 991 1600 μῆ
1036 1521 1285 1602 ἰαμβικὰ
1330 1521 1829 1600 παραληγόμενα
1884 1528 1981 1604 τῷ
2021 1524 2060 1584 ὃ
2105 1520 2235 1585 ἀπὸ
2293 1520 2593 1600 ῥημάτων
2650 1520 3057 1599 παραληγόν-

468 1649 599 1693 των
655 1630 687 1690 ἒ
743 1624 1063 1705 ὀξύνεται,
1129 1623 1341 1703 δρέμω
1399 1624 1677 1706 δρομή,
1743 1623 1954 1703 τέμνω
2020 1623 2213 1702 τομή
2280 1623 2382 1687 καὶ
2437 1621 2821 1704 ἀνατομή,
2885 1624 3057 1701 νέμω

470 1729 667 1808 νομή
712 1728 815 1791 καὶ
857 1725 1253 1806 προνομή,
1301 1724 1472 1802 δέμω
1517 1725 1746 1806 δομή,
1790 1724 1866 1788 τὸ
1900 1724 2115 1803 μέντοι
2162 1723 2353 1802 κόμη
2401 1723 2736 1803 βαρύνεται
2779 1722 2911 1788 ἀπὸ
2941 1728 3058 1788 τοῦ

469 1831 698 1908 κόςμος
742 1829 1082 1908 γεγονυῖα,
1128 1826 1321 1904 κόςμη
1366 1824 1504 1903 γάρ.
1595 1823 1897 1889 ώςαύτως
1948 1825 2049 1890 καὶ
2091 1825 2167 1889 τὸ
2199 1824 2605 1904 Εὐρυνόμη
2651 1825 2753 1889 καὶ
2797 1825 3055 1905 Ἀμφι·

470 1932 666 2011 νόμη
712 1929 1112 2009 βαρύνονται.
3098 1935 3160 1985 15

639 2030 734 2096 Τὰ
778 2029 866 2094 εἰς
911 2033 991 2107 μῆ
1036 2028 1220 2108 φύςει
1266 2031 1471 2112 μακρᾷ
1501 2027 2000 2107 παραληγόμενα
2035 2024 2405 2109 βαρύνεται,
2451 2028 2733 2109 μνήμη,
2781 2029 3057 2110 κνήμη,

469 2135 711 2213 φήμη,
757 2131 986 2213 χήμη,
1032 2130 1357 2212 νοεήμη,
1403 2130 1725 2211 θελήμη,
1770 2129 2065 2208 φιλήμη
2110 2130 2150 2208 ἡ
2182 2130 2377 2208 φιλία-
2427 2129 2640 2209 ῥώμη
2685 2129 2789 2192 καὶ
2817 2128 3056 2208 Ῥώμη

470 2234 890 2314 διαςημοτάτη
935 2232 1120 2297 πόλις
1165 2231 1453 2313 Ἰταλίας,
1498 2233 1798 2313 γνώμη,
1844 2230 2082 2310 κώμη·
2129 2229 2370 2309 εἴρηται
2417 2229 2694 2318 ἀπὸιτοῦ
2734 2230 2804 2293 ἐν
2835 2231 3057 2294 αὐταῖς

470 2334 793 2414 κοιμᾶςθαί
837 2355 905 2398 τε
950 2334 1050 2397 καὶ
1095 2333 1479 2415 αὐλίζεςθαι,
1529 2332 1618 2396 ὡς
1664 2330 2028 2398 Φιλόξενος.
2116 2333 2270 2411 βρώ
2285 2353 2409 2414 μη,
2454 2332 2746 2412 τρώμη,
2798 2331 3055 2410 Ἰθώμη

470 2438 658 2501 πόλις
705 2434 1042 2499 Θεςςαλίας
1087 2437 1198 2510 τῆς
1241 2434 1773 2508 Πελαςγιώτιδος.
1839 2433 2125 2512 Ὅμηρος
2171 2431 2278 2498 «οἵ
2320 2433 2385 2495 τ’
2429 2431 2611 2512 εἶχον
2642 2431 2911 2510 Τρίκκην
2954 2434 3057 2496 καὶ
3091 2443 3160 2492 ‘20

471 2539 729 2616 Ἰθώμην
776 2533 1256 2614 κλωμακόεςςαν
1303 2534 1379 2615 (Β
1426 2532 1593 2621 ἵ29).
1668 2534 1793 2599 ἔςτι
1840 2535 1942 2597 καὶ
1988 2533 2326 2615 Μεςςήνης.
2406 2532 2536 2600 ἀπὸ
2584 2533 2844 2613 Ἰθώμου
2892 2538 3055 2613 βαςι-

473 2639 650 2703 λὲως.
705 2639 985 2700 καλεῖται
1032 2639 1103 2699 δὲ
1147 2636 1183 2699 δ
1228 2635 1428 2699 τόπος
1472 2637 1581 2711 τῆς
1616 2635 1992 2713 Θεςςαλικῆς
2021 2634 2349 2715 Θούμαιον
2394 2635 2690 2718 ἀποβολῇ
2721 2638 2837 2700 τοῦ
2879 2638 2913 2697 ἶ
2957 2636 3058 2699 καὶ

469 2746 677 2824 τροπῇ
722 2741 840 2803 τοῦ
886 2740 938 2802 ὦ
984 2736 1071 2801 εἰς
1115 2738 1230 2816 τὴν
1274 2738 1355 2801 δῦ
1401 2737 1758 2817 δίφθογγον
1805 2737 2150 2818 Θούμαιον.
2232 2737 2457 2817 κοίμη
2505 2737 2609 2802 ἐπὶ
2658 2741 2779 2803 τοῦ
2824 2736 3054 2819 ὕπνου,

472 2842 651 2921 οἴμη
697 2839 828 2904 ἀπὸ
859 2842 975 2903 τοῦ
1008 2837 1211 2918 οἶμος.
1279 2838 1472 2918 ῥύμη
1518 2839 1554 2902 δ
1600 2839 1956 2921 ςτενωπός,
2000 2837 2244 2917 τρύμη
2290 2839 2329 2917 ἦ
2361 2840 2785 2921 ταλαιπωρία,
2830 2839 3054 2920 ζύμη,

472 2942 568 3008 Εὐ
582 2964 672 3022 μη
717 2945 908 3019 νῆςος
959 2940 1219 3022 Καρική,
1279 2940 1367 3004 ώς
1414 2937 1711 3020 (τράβων
1755 2940 2379 3024 τεςςαρεςκαιδεκάτῃ
2425 2942 2512 3025 (p.
2559 2938 2727 3021 656).
2804 2938 3052 3018 ὠνόμα-
3090 2950 3155 3000 25

470 3065 604 3110 ςται
635 3045 708 3108 δὲ
739 3043 869 3107 ἀπὸ
903 3040 1104 3121 (ύμης
1146 3043 1257 3118 τῆς
1289 3042 1589 3107 Ἰαλύςου.
1651 3039 1949 3122 (τρύμη
1994 3041 2181 3128 πόλις
2212 3042 2495 3124 Θρᾴκης,
2545 3041 2634 3107 ώς
2668 3041 3051 3120 Ἀνδροτίων

471 3205 566 3212 —d
599 3201 874 3210 q.--—-—-——--

606 3295 641 3346 1.
681 3299 704 3346 1
756 3295 1001 3360 Καλάμαι
1047 3296 1237 3347 addidi
1280 3312 1347 3347 ex
1393 3297 1472 3347 St.
1513 3298 1603 3356 Β.,
1648 3298 1778 3356 item
1823 3294 2116 3362 Ζαδράμη;
2165 3295 2385 3362 θαλάμη
2430 3297 2552 3362 ipse
2597 3295 2787 3347 addidi
2831 3301 3059 3362 propter

471 3361 726 3427 Θαλάμαι
751 3381 837 3430 ap.
864 3365 943 3414 St.
970 3367 1033 3415 B.
1079 3367 1164 3415 De
1239 3363 1404 3414 lurali
1429 3361 1669 3425 θαλαμαί
1705 3366 1777 3416 cf.
1805 3364 2047 3416 Ammon.
2085 3381 2137 3430 p.
2165 3367 2257 3427 68,
2295 3381 2454 3430 quem
2480 3365 2776 3431 exscripsit
2797 3364 3056 3414 Eustath.

473 3435 621 3493 1541,
658 3435 748 3483 47:
775 3431 1036 3494 ’θαλάμας
1075 3429 1154 3483 ὡς
1226 3430 1402 3494 γαθάς
1447 3432 1537 3482 καὶ
1575 3430 1839 3494 Θαλάμας
1886 3430 1963 3484 ώς
2010 3430 2256 3495 μεγάλας
2301 3430 2585 3497 διαφέρειν
2630 3431 2764 3496 φηςῑ
2801 3429 3055 3495 Τρύφων

471 3498 623 3565 παρὰ
658 3502 776 3550 τοῖς
815 3499 1111 3562 Ἀττικοῖς,
1159 3498 1222 3549 ἐν
1266 3496 1514 3565 δευτέρῳ
1562 3499 1689 3562 περὶ
1729 3499 1984 3565 Ἀττικῆς
2030 3497 2358 3566 προςῳδίας.
2430 3498 2530 3550 ἐὰν
2577 3497 2678 3562 μὲν
2721 3497 2794 3562 γά
2864 3497 3054 3550 ὀξυτο-

472 3566 760 3630 νήςωμεν,
799 3565 1038 3632 δηλώςει
1072 3565 1141 3618 τὸ
1177 3568 1299 3618 τῶν
1334 3566 1697 3632 Διοςκούρων
1735 3564 1911 3633 ἱερόν·
1959 3566 2058 3619 ἐὰν
2094 3567 2155 3620 δὲ
2204 3565 2703 3633 βαρυτονήςωμεν,
2748 3579 2783 3616 τ
2824 3580 2851 3616 ς
2888 3580 3053 3616 κατα-

471 3634 648 3686 δύςεις
688 3633 899 3698 μηνύει.
959 3635 1030 3687 cf.
1067 3635 1202 3686 Lob.
1229 3634 1394 3688 Proll.
1425 3651 1475 3699 p.
1504 3638 1566 3685 15
1590 3651 1709 3685 cum
1734 3639 1848 3686 not.
1876 3639 1924 3697 3,
1962 3635 2165 3687 Veleen
2191 3635 2398 3701 Tryph.
2425 3651 2475 3700 p.
2505 3637 2582 3684 12.
2630 3633 2941 3685 Verisimile
2969 3638 3055 3684 est
3097 3636 3119 3682 ⁸

470 3701 876 3765 Herodianum,
925 3703 1018 3766 qui
1064 3717 1229 3767 saepe
1276 3701 1348 3752 ad
1395 3702 1743 3767 Tryphonem
1788 3704 2079 3768 respiciat,
2128 3703 2339 3769 aliquid
2384 3701 2692 3754 huiusmodi
2735 3701 3053 3766 tradidisse.

473 3768 867 3836 Κοροκονδάμη
895 3767 1143 3833 ’Θργάμη
1181 3775 1309 3820 sunt
1345 3786 1412 3819 ex
1437 3770 1516 3823 St.
1544 3772 1630 3828 Β.,
1667 3771 1800 3821 item
1826 3768 2088 3836 Ἱεραμαί,
2129 3771 2272 3836 quod
2308 3771 2447 3821 Lob.
2472 3770 2505 3823 l.
2537 3786 2583 3821 c.
2621 3773 2904 3835 comparat
2932 3784 3053 3820 curn

470 3835 654 3900 ἀγυιαί
689 3835 984 3891 Πλαταιαί.
1055 3839 1138 3887 De
1184 3839 1396 3902 ςηςαμῆ
1444 3837 1515 3887 cf.
1559 3838 1720 3889 Phot.
1756 3840 2032 3903 ςηςαμῆν;
2082 3835 2526 3903 περιςπωμένως
2571 3837 2659 3888 καὶ
2699 3835 3052 3902 Ἀρίςταρχος

471 3907 561 3957 καὶ
598 3904 885 3958 (ἑλευκος.
932 3904 968 3967 ή
1007 3903 1067 3956 δὲ
1104 3906 1288 3968 χρῆςις
1328 3903 1551 3968 ἑτέρως.
1723 3906 1758 3958 1.
1787 3909 1818 3956 9
1854 3922 2115 3957 canonem
2153 3909 2273 3972 ipse
2310 3906 2705 3971 finxi-propter
2741 3903 2924 3969 Κρέμη
2963 3921 3052 3968 ap.

472 3975 553 4026 St.
593 3973 652 4022 Β.
821 3972 856 4023 l.
898 3974 957 4022 11
995 3987 1168 4022 canon
1204 3973 1262 4021 in
1299 3972 1398 4025 An.
1437 3972 1538 4022 Ox.
1575 3973 1631 4022 11
1666 3975 1794 4034 394,
1831 3977 1898 4025 26
1942 3974 2023 4025 sic
2060 3974 2407 4039 proponitur:
2454 3971 2526 4024 τὰ
2570 3970 2648 4023 εἰς
2686 3974 2765 4034 ’μὴ’
2805 3970 3053 4035 καθαρὸν

472 4039 693 4104 ἰαμβικά
729 4038 797 4091 τὸ
833 4043 866 4091 δ
903 4038 1342 4104 παραληγόμενα
1379 4038 1699 4104 ὀξύνονται,
1748 4039 1925 4092 ὁπότε
1973 4041 2321 4106 προϋπάρχει
2366 4040 2516 4105 ῥῆμα
2562 4038 2649 4090 διὰ
2693 4040 2796 4088 τοῦ
2832 4041 2866 4088 ἒ
2912 4038 3054 4089 κατὰ

469 4109 576 4173 τὴν
601 4106 1034 4173 παραλήγουςαν
1058 4104 1182 4158 οἷον
1206 4106 1368 4171 νομή,
1395 4106 1668 4173 ἀνατομή,
1695 4107 1970 4173 προνομή.
2002 4107 2072 4159 τὸ
2099 4108 2287 4172 μέντοι
2306 4106 2597 4173 Εὐρυνόμη
2618 4106 2707 4157 καί
2730 4103 3045 4170 Ἀμφινόμη

472 4175 820 4241 βαρύνονται.
890 4176 1033 4225 Hinc
1067 4173 1321 4239 ἀνατομή
1360 4181 1415 4224 et
1451 4174 1708 4240 προνομή
1747 4182 1804 4226 et
1840 4174 2132 4241 Εὐρυνόμη
2172 4173 2487 4240 Ἀμφινόμη
2530 4174 2765 4232 inserui„
2790 4199 2855 4208 —-
2891 4171 3047 4236 νέμω

469 4247 695 4295 verbnm
731 4244 935 4294 nomini
970 4242 1115 4307 νομή
1153 4243 1448 4307 anteposui
1487 4260 1553 4293 ex
1590 4243 1838 4309 Theogn.
1878 4247 1994 4305 112,
2032 4246 2089 4300 4,
2130 4260 2196 4293 ex
2235 4260 2340 4308 quo
2389 4244 2555 4293 etiam
2592 4239 2745 4304 δέμω
2781 4239 2923 4305 δομή
2962 4256 3048 4291 ac·

472 4312 657 4363 cessit.
693 4339 757 4347 —
795 4311 942 4362 ldem
979 4327 1156 4361 canon
1191 4310 1263 4360 ad
1298 4311 1481 4362 omnia
1516 4311 1572 4359 in
1609 4314 1645 4373 ῆ
1691 4326 1931 4362 consona
1976 4311 2348 4375 praecedente
2385 4313 2417 4360 ὃ
2460 4309 2753 4375 praefinita
2796 4307 3048 4360 verbalia

470 4384 728 4430 extentus
763 4380 1040 4444 reperitur
1075 4380 1130 4427 in
1165 4378 1232 4427 Il.
1269 4377 1357 4427 Pr.
1397 4376 1435 4428 Ε
1469 4379 1588 4429 202.
1761 4379 1796 4428 1.
1838 4380 1897 4428 17
1944 4377 2101 4442 χήμη·
2129 4406 2193 4413 -
2231 4376 2448 4442 φιλήμη
2494 4376 2529 4438 ἡ
2568 4374 2725 4439 φιλία
2762 4376 2944 4425 adieci
2981 4392 3047 4426 ex

471 4447 715 4514 Theogn.
766 4450 885 4510 112,
931 4449 1016 4508 17,
1070 4447 1204 4495 item
1249 4443 1411 4509 ῥώμη
1459 4461 1526 4495 ex
1573 4448 1695 4509 112,
1741 4447 1834 4508 23,
1890 4444 2076 4509 Ῥώμη
2126 4462 2191 4495 cx
2238 4449 2318 4497 st.
2366 4446 2454 4506 Β.,
2507 4443 2706 4507 γνώμη
2764 4442 2924 4508 κώμη
2981 4459 3047 4492 ex

471 4514 744 4581 Theogn„
784 4516 1054 4581 posterius
1089 4512 1306 4579 explevi
1353 4527 1416 4561 ex
1456 4513 1536 4564 St.
1575 4515 1666 4574 Β.,
1713 4512 1909 4579 βρώμη
1955 4513 2139 4578 recepi
2184 4529 2251 4562 ex
2296 4512 2573 4578 Theogn.,
2617 4511 2815 4574 τρώμη
2863 4509 3047 4560 addidi

473 4598 538 4631 ex
577 4582 757 4633 Schol.
794 4584 864 4632 H.
902 4582 972 4633 ad
999 4581 1100 4634 Od.
1137 4597 1168 4632 κ
1203 4583 1301 4632 379
1339 4579 1564 4646 βρώμης
1602 4578 1680 4632 ὡς
1703 4580 1915 4644 ῥώμης.
1960 4579 2154 4643 ὅμοιον
2191 4579 2251 4631 δὲ
2286 4579 2444 4645 αὐτῷ
2482 4578 2593 4630 ἑςτι
2620 4577 2802 4628 καὶτὸ
2837 4575 3053 4641 τρώμη.

473 4649 564 4700 καὶ
612 4648 961 4714 Ἀρίςταρχος
1007 4648 1306 4716 παροξύνει
1355 4649 1425 4699 cf.
1475 4648 1699 4701 Prosod.
1751 4649 1852 4702 Od.
1892 4649 1927 4703 l.
1969 4666 2014 4700 c.
2088 4647 2285 4712 Ἰθώμη
2334 4665 2400 4699 ex
2448 4647 2690 4711 Theogn.
2738 4651 2795 4696 et
2843 4646 2922 4696 St.
2968 4647 3050 4709 Β.,

473 4714 638 4782 κοίμη
676 4716 807 4783 οἴμη
844 4734 912 4768 ex
948 4717 1192 4784 Theogn.
1232 4717 1265 4767 l.
1307 4719 1396 4777 133
1442 4716 1590 4782 ῥύμη
1640 4733 1706 4766 ex
1743 4716 1988 4783 Theogn.
2027 4721 2084 4766 et
2119 4716 2199 4767 St.
2236 4717 2353 4780 B.‚-
2376 4714 2561 4780 τρύμη
2600 4715 2873 4779 Theogn.,
2918 4713 3054 4763 item

471 4783 629 4848 Ζύμη.
699 4788 805 4836 Pro
841 4783 995 4850 ζύμη
1032 4785 1101 4837 τὸ
1138 4784 1329 4848 κύριον
1364 4800 1451 4851 ap.
1491 4784 1690 4836 Arcad.
1730 4786 1915 4851 posui,
1962 4801 2102 4850 quae
2140 4785 2309 4835 habet
2347 4784 2427 4837 St.
2462 4787 2552 4847 Β.,
2601 4800 2666 4833 ex
2703 4782 2894 4834 eodem
2931 4781 3054 4832 reli-
