3664 5546
1144 395 1302 450 ΠΕΡΙ
1346 396 1737 451 ΚΑΘΟΛΙΚΗΕ
1783 396 2205 451 ΠΡΟΕΩιΔΙΑ(
2251 397 2303 452 Ε.
2891 396 3012 462 125

599 565 692 630 Τὰ
745 566 851 630 διὰ
913 569 1031 631 τοῦ
1082 568 1186 630 ιο-ς
1241 565 1620 647 τριςύλλαβα
1672 566 1727 631 εἰ
1782 567 1996 646 ἔχοιεν
2054 571 2090 632 fi
2146 566 2217 632 ἐν
2279 574 2356 652 τῇ
2424 569 2646 652 πρώτῃ
2714 573 3010 652 ςυλλαβῇ,

425 669 1017 752 προπαροξύνεται,
1074 670 1128 733 εἰ
1184 670 1267 749 μή
1322 690 1415 734 τις
1474 672 1770 748 διαςτολὴ
1827 669 1925 750 εἴη
1981 672 2020 750 ἢ
2076 670 2299 748 κύριον
2354 670 2631 750 ὑπάρχοι
2686 671 3010 755 τρίβραχυ,

428 770 728 854 κύριος,
802 770 1174 853 Κύπριος,
1230 770 1546 855 Τύριος,
1602 772 1881 851 μύλιος
1945 775 2047 838 καὶ
2103 772 2406 838 Μύλιος
2472 774 2661 838 ἔθνος
2713 773 3008 853 Φρυγίας.

427 870 753 937 Ἑκαταῖος
797 873 978 957 Ἀςίᾳ
1066 873 1397 957 Πύλιος,
1443 872 1819 958 Φρύγιος,
1880 875 2240 958 Κύρνιος,
2285 874 2597 959 Λύκιος,
2643 876 3008 958 Λύγκιος,

426 974 786 1058 Λύττιος,
841 976 1197 1059 Λύκτιος,
1242 976 1563 1059 Πύξιος,
1622 977 2003 1061 Μύνδιος,
2043 978 2422 1060 Πύρνιος,
2478 977 2801 1062 Ξύλιος,
2847 978 3067 1044 Ῥύ-5

429 1080 687 1159 βδιος,
754 1076 1063 1161 (ύριος,
1120 1079 1424 1161 νύχιος,
1483 1077 1839 1162 (τύγιος,
1909 1080 2233 1163 Μύςιος,
2300 1080 2631 1164 Πύθιος,
2709 1082 3010 1164 βύθιος,

428 1179 678 1262 δύϊος,
723 1180 1062 1245 κύκλιος.
1119 1182 1196 1246 τὸ
1240 1180 1553 1264 Τυχίος,
1598 1179 1970 1264 Φρυγίος,
2015 1181 2386 1265 Πλυτίος,
2437 1183 2792 1267 Κλυτίος,
2825 1181 3009 1247 (κυ-

425 1281 611 1362 φίος
654 1283 1076 1361 παροξύνεται
1134 1283 1225 1348 ὡς
1268 1283 1464 1362 κύρια.
1556 1284 1832 1363 μύριος
1886 1284 1924 1349 ὁ
1982 1285 2330 1363 ὼριςμένος
2384 1283 2679 1368 ἀριθμός,
2738 1285 3011 1365 μυρίος

428 1383 737 1463 ἀόριςτος.
810 1384 1075 1464 ἑκάτερα
1129 1387 1200 1450 δὲ
1254 1386 1356 1450 καὶ
1410 1385 1447 1449 ὸ
1493 1385 1715 1465 μύριος
1759 1388 1863 1451 καὶ
1904 1388 1983 1452 τὰ
2027 1386 2215 1466 μυρία
2254 1386 2535 1467 ὤφειλεν
2581 1386 3011 1455 ὀξυτονεῑςθαι

428 1487 588 1551 κατὰ
630 1488 745 1566 τὴν
789 1488 1003 1566 τρίτην
1048 1486 1179 1552 ἀπὸ
1234 1488 1475 1552 τέλους.
1561 1490 1636 1553 τὸ
1690 1489 1812 1567 γὰρ
1869 1488 2200 1568 ἀρςενικόν
2254 1489 2808 1568 προπαροξύνεται
2854 1489 3012 1553 κατὰ
3050 1497 3114 1546 10

427 1588 504 1652 τὸ
548 1588 782 1654 Λύδιος
825 1591 928 1655 καὶ
970 1589 1045 1654 τὸ
1091 1590 1320 1668 μύριον
1375 1592 1447 1655 δὲ
1502 1590 1740 1669 ὁμοίως
1753 1641 1771 1675 ,
1829 1592 1968 1656 ἐπεὶ
2022 1592 2100 1656 τὰ
2152 1592 2773 1671 παρεςχηματιςμὲνα
2828 1591 3011 1656 οὐδέ-

426 1710 584 1769 τερα
637 1689 992 1771 ἀρςενικοῑς
1045 1691 1330 1771 ὁμότονα
1384 1692 1606 1758 αὐτοῖς
1660 1692 1841 1759 ἐςτιν.
1930 1693 2032 1757 καὶ
2087 1693 2176 1758 νύ
2189 1714 2429 1774 μφιος
2488 1692 2668 1759 οἶκος
2722 1712 3012 1773 προπαρ-

430 1793 780 1877 οξύτονον,
825 1793 1166 1874 νυμφίος
1211 1795 1281 1859 δὲ
1328 1794 1365 1858 ὸ
1409 1796 1683 1875 γαμετής
1725 1795 2192 1874 παροξύτονον.

604 1895 765 1960 ’Ὀςα
819 1894 950 1961 ἀπὸ
1006 1896 1452 1977 ἐπιρρημάτων
1517 1901 1828 1977 παρῆκται
1900 1898 2005 1962 διὰ
2067 1902 2186 1963 τοῦ
2240 1902 2369 1981 set,
2435 1897 3014 1981 προπαροξύνεται,

429 1999 601 2076 πρωῒ
643 1998 973 2081 πρώϊος,
1021 1998 1149 2077 ὀψέ
1194 1998 1459 2083 ὄψιος,
1504 2000 1733 2081 νόςφιν
1789 1999 2240 2083 νοςφίδιος,
2296 2000 2399 2080 ἶφι
2454 1998 2709 2083 ἴφιος,
2754 1999 2852 2064 ἀεί
2897 1999 3015 2064 ἀῑ-
3056 2009 3117 2059 15

433 2105 631 2183 διος,
678 2099 792 2179 ῥέα
839 2099 1177 2183 ῥηϊδιος,
1224 2100 1493 2180 ἐκτάδην
1538 2102 1930 2185 ἑκτάδιος,
1975 2101 2281 2182 ἀμφαδόν
2311 2101 2739 2185 ἀμφάδιος,
2786 2102 3014 2167 ἐνθάδε

431 2202 830 2285 ἐνθάδιος,
910 2202 1143 2268 ςταδόν
1221 2204 1571 2288 ςτὰδιος,
1639 2204 2035 2288 όπίςθιος,
2109 2204 2499 2284 μαψίδιος.
2616 2204 3015 2285 ςεςημείωται

430 2303 631 2383 ἄντην
676 2302 977 2387 ἀντίος,
1023 2305 1246 2383 ςχεδόν
1296 2305 1617 2385 (χεδίος
1664 2307 1754 2372 ὡς
1797 2308 2036 2386 κύριον.

603 2432 641 2468 σε
686 2407 782 2472 Τὰ
837 2407 941 2472 διὰ
996 2410 1114 2472 τοῦ
1157 2412 1256 2471 ἰος
1310 2408 1650 2489 τριβράχεα
1704 2408 1808 2474 ἐπὶ
1862 2409 2096 2487 κυρίων
2152 2408 2573 2488 παροξύνεται
2629 2408 2774 2473 οἷον
2834 2407 3012 2488 (χε-

431 2511 632 2593 δίος,
681 2509 1052 2592 Χρομίος,
1101 2509 1455 2593 Κλυτίος,
1501 2509 1787 2595 Ὀδίος,
1830 2511 2158 2595 Δολίος,
2205 2511 2506 2591 Τυχίος.
2573 2508 3014 2575 ἀντιπίπτουςι
3050 2521 3118 2570 20

431 2614 504 2677 δὲ
547 2612 707 2676 κατὰ
749 2610 1104 2690 παράδοςιν
1147 2612 1223 2677 τὸ
1268 2613 1556 2696 Ἅλιος,
1601 2613 1895 2696 Ἄνιος,
1941 2613 2258 2695 Ξένιος,
2318 2613 2683 2696 Κρόνιος,
2740 2612 3015 2677 Ὕπιος

429 2714 718 2794 ποταμὸς
762 2715 864 2779 καὶ
906 2713 1093 2779 πόλις
1136 2714 1264 2780 ὑπὸ
1320 2714 1436 2793 τὴν
1478 2715 1801 2795 Ποντικὴν
1847 2714 2251 2798 Ἡράκλειαν,
2309 2716 2399 2781 ὡς
2440 2714 2748 2795 Δομίτιος
2796 2713 3015 2780 Καλλί-

432 2838 694 2897 ςτρατος
760 2816 832 2882 ἐν
900 2817 1061 2902 ἕκτῳ
1129 2822 1261 2882 τῶν
1326 2819 1472 2897 περὶ
1535 2816 1919 2897 Ἡρακλείας.
2029 2818 2276 2895 λέγεται
2344 2819 2444 2882 καὶ
2509 2816 2850 2897 ἀρςενικῶς
2913 2818 3014 2881 καὶ

429 2924 735 3000 θηλυκῶς.
822 2920 1059 2995 γίνεται
1104 2920 1176 2984 δὲ
1218 2921 1394 2999 παρὰ
1446 2921 1561 3000 τὴν
1607 2921 1735 2985 ὑπό
1778 2920 2076 3000 πρόθεςιν
2122 2919 2211 2985 ὡς
2254 2921 2468 2985 Ἀνιος
2510 2920 2686 2999 παρὰ
2728 2921 2843 2998 τὴν
2888 2918 3015 2985 ἀνά

429 3024 535 3089 καὶ
575 3024 901 3103 Ἄμφιος
945 3022 983 3087 ὁ
1027 3026 1144 3088 τοῦ
1189 3022 1475 3099 (ελάγου
1519 3021 1655 3089 υἱὸς
1698 3023 1875 3102 παρὰ
1927 3024 2043 3102 τὴν
2089 3022 2252 3104 ἀμφί
2308 3022 2616 3087 ἐκτάςεως
2659 3022 3011 3102 γενομένης
3046 3031 3112 3081 25

427 3129 548 3191 τοῦ
592 3127 626 3189 ἶ
675 3127 1016 3204 ποιητικῆς.
1921 3136 1936 3153 ·

600 3228 695 3293 Τὰ
739 3228 829 3294 εἰς
874 3231 970 3291 ιοῖ
1013 3228 1394 3309 τριςύλλαβα
1447 3227 1632 3307 κύρια
1686 3227 1923 3307 ἔχοντα
1974 3228 2090 3306 τὴν
2145 3227 2360 3306 τρίτην
2415 3227 2660 3306 μακρὰν
2716 3246 3009 3306 προπαρ-

430 3487 639 3539 Velsen
674 3487 786 3551 Try
827 3486 879 3535 h.
916 3501 967 3550 p.
1008 3487 1087 3535 11.
1319 3484 1356 3534 l.
1394 3487 1426 3537 3
1462 3481 1679 3536 Μύλιος
1716 3500 1784 3535 ex
1822 3485 1901 3535 St.
1938 3485 2002 3534 B.
2047 3483 2257 3548 adieci,
2292 3484 2439 3534 unde
2472 3486 2643 3535 etiam
2681 3482 2911 3548 Κύρνιος
2945 3510 3010 3520 -

431 3554 693 3618 Ῥύβδιος.
764 3502 959 3618 ὥριος
994 3581 1060 3589 -
1096 3550 1320 3604 κύκλιος
1359 3569 1425 3603 ex
1462 3552 1709 3618 Theogn.
1790 3555 1964 3603 Verba
2011 3550 2248 3617 ἑκάτερα
2291 3551 2353 3604 δὲ
2390 3552 2424 3602 1.
2464 3555 2495 3603 9
2532 3579 2599 3589 -
2633 3550 2827 3604 αὐτοῖς
2863 3550 3012 3603 ἐςτιν

429 3624 464 3676 L
510 3626 570 3674 12
606 3640 676 3674 ex
709 3622 970 3673 Eustath.
1011 3624 1091 3682 15,
1129 3624 1210 3679 32,
1246 3622 1340 3672 ubi
1377 3619 1718 3685 Ἡρωδιανὸς
1755 3619 1992 3685 ἑκάτερα
2029 3619 2280 3685 ὀφείλειν
2317 3618 2453 3685 φηςί
2487 3620 2605 3672 κτλ.
2652 3621 3011 3686 Praeceptum

427 3692 498 3743 de
534 3690 775 3755 νύμφιος
810 3697 869 3740 et
904 3687 1144 3754 νυμφίος
1181 3694 1365 3739 exstat
1399 3691 1564 3740 etiam
1601 3705 1690 3755 ap.
1727 3689 1923 3740 Choer.
1958 3690 2137 3755 Epim.
2174 3691 2233 3740 in
2267 3690 2470 3740 Psalm.
2509 3692 2628 3752 131,
2672 3693 2733 3740 13
2770 3687 3011 3753 νύμφιος

426 3759 654 3820 λέγεται
691 3759 723 3811 ὁ
758 3755 1219 3822 πεποικιλμένος,
1265 3754 1505 3821 νυμφίος
1551 3757 1613 3808 δὲ
1647 3755 1822 3809 αὐτὸς
1870 3757 1902 3808 ὁ
1938 3754 2273 3821 γεγαμηκώς
2318 3758 2391 3807 cf.
2427 3761 2529 3808 An.
2566 3758 2666 3809 Ox.
2706 3758 2761 3808 11
2797 3759 2925 3819 394,
2963 3761 3011 3807 9.

425 3831 496 3879 In
519 3828 585 3877 Ε.
611 3829 682 3878 Μ.
708 3830 826 3889 244,
850 3829 913 3877 21
953 3827 1091 3878 haee
1126 3842 1160 3875 a
1195 3825 1388 3890 regula
1422 3829 1677 3892 exceptio
1713 3830 2012 3891 reperitur:
2049 3824 2267 3889 γυλιός;
2307 3823 2459 3877 εἶδός
2496 3823 2609 3877 ἐςτι
2645 3824 2828 3889 πήρας
2853 3838 3011 3889 (τρα-

424 3896 721 3960 τιωτικῆς,
759 3893 821 3946 ἐν
859 3893 906 3961 ᾧ
943 3893 1016 3958 ἢν
1051 3892 1288 3958 ςκόροδα
1322 3893 1414 3944 καὶ
1451 3892 1720 3958 κρόμμυα.
1791 3891 2050 3945 ὀξύνεται
2085 3892 2173 3958 δέ,
2211 3892 2337 3957 οὐχὶ
2374 3892 2926 3960 (προ)παροξύνεται.

565 3964 600 4014 1.
639 3965 701 4014 16
737 3965 958 4013 nomina.
992 3962 1122 4013 inde
1159 3963 1229 4013 ab
1256 3959 1498 4026 ἐκτάδην
1521 3989 1589 3998 —
1615 3959 1874 4026 μαψίδιος
1901 3970 2031 4013 sunt
2054 3978 2120 4013 ex
2147 3962 2411 4028 Theogn„
2448 3962 2598 4027 apud
2625 3977 2784 4026 quem
2808 3962 3009 4012 vitiose

424 4031 636 4084 ἑταδὸν
673 4029 889 4082 ἐτάδιος
926 4046 1026 4097 pro
1062 4027 1259 4081 ἐνθάδε
1297 4027 1565 4082 ἐνθάδιος.
1610 4031 1895 4082 Caeterum
1930 4046 2040 4082 non
2084 4030 2277 4081 mirum
2314 4035 2400 4080 est
2434 4029 2808 4080 Herodianum
2845 4044 3014 4093 supra

423 4098 619 4152 ἀντίος
655 4100 725 4150 ab
762 4097 946 4164 ἄντω,
985 4098 1075 4149 hie
1112 4101 1182 4149 ab
1220 4096 1398 4163 ἄντην
1434 4114 1759 4164 propagare,
1800 4114 1965 4164 quum
2003 4100 2071 4149 ab
2108 4104 2339 4163 utroque
2379 4097 2711 4149 descendere
2750 4097 2936 4162 possit.

567 4169 603 4219 1.
645 4171 706 4219 19
742 4167 886 4217 hunc
919 4182 1184 4217 canonem
1218 4182 1284 4216 ex
1318 4166 1385 4217 E.
1412 4166 1484 4217 M.
1523 4169 1641 4228 521,
1683 4169 1745 4218 10
1781 4166 1889 4217 huc
1924 4166 2184 4217 transtuli
2220 4166 2423 4216 omisso
2458 4165 2562 4216 fine
2599 4164 2671 4217 τὰ
2706 4161 2783 4216 εἰς
2817 4167 2882 4216 ’δί
2917 4161 3009 4228 ἀρ-

423 4234 614 4288 ςενικὰ
650 4235 725 4319 μη
764 4233 904 4286 ὄντα
940 4234 1100 4299 κύρια
1135 4237 1220 4300 τῷ
1256 4236 1291 4285 T
1327 4233 1766 4300 παραληγόμενα
1791 4232 2278 4299 προπαροξύνεται
2312 4231 2436 4284 οἷον
2459 4232 2649 4299 δήλιος
2686 4232 2718 4284 ὁ
2743 4231 3006 4297 φανερός,

422 4304 611 4357 δόλιος
648 4303 845 4357 Λυδιος
880 4301 1092 4355 Πύλιος
1128 4302 1381 4367 φλόγιος,
1420 4319 1585 4368 quum
1619 4303 1895 4369 prioribus
1930 4303 2246 4368 praeceptis
2281 4302 2646 4352 contineatur.
2720 4302 2880 4352 Hune
2915 4315 3010 4350 au-

423 4381 538 4424 tem
581 4388 848 4423 canonem
894 4387 1025 4422 vere
1063 4371 1469 4422 Herodianeum
1514 4385 1636 4422 esee
1684 4376 1844 4421 extra
1890 4370 2114 4421 dubium
2156 4367 2314 4435 ponit
2348 4369 2412 4420 Il.
2449 4370 2537 4419 Pr.
2575 4367 2612 4422 Ε
2648 4372 2737 4421 39:
2794 4365 3004 4419 Ὁδίονε

423 4440 540 4505 πρὸ
583 4439 784 4492 τέλους
828 4437 865 4502 ἡ
910 4439 1087 4503 ὀξεῖα,
1133 4439 1255 4491 ἐπεὶ
1300 4437 1493 4503 κύριόν
1540 4437 1703 4490 ἐςτιν.
1772 4438 1844 4490 τὸ
1889 4437 1951 4490 δὲ
1996 4436 2405 4503 προςηγορικὸν
2451 4435 2600 4489 ὅδιος
2649 4436 2728 4488 ὡς
2772 4434 3007 4489 εκότιος.

424 4509 727 4573 βούλονται
771 4506 877 4572 γὰρ
912 4506 984 4559 τὰ
1018 4510 1255 4559 τοιαῦτα
1289 4505 1585 4573 τριβράχεα
1630 4505 1723 4558 ἐπὶ
1759 4502 1969 4571 κυρίων
2014 4505 2116 4570 μὲν
2153 4503 2513 4569 παροξύνειν,
2559 4503 2654 4556 ἐπὶ
2699 4504 2761 4557 δὲ
2805 4518 3007 4569 προςη-

421 4578 673 4642 γορικῶν
708 4575 1183 4641 προπαροξύνειν,
1221 4574 1452 4640 Τυχίος,
1490 4571 1721 4639 Δολίος,
1762 4573 1865 4625 κᾶν
1912 4574 1985 4639 μὴ
2023 4577 2122 4641 ςχῇ
2160 4571 2484 4638 διαςτολήν,
2532 4570 2611 4624 ὡς
2647 4571 2716 4623 τὸ
2754 4570 3008 4637 Χρομίος.

422 4645 782 4709 Πτολεμαῖος
819 4643 1009 4709 μέντοι
1045 4659 1109 4707 γε
1146 4643 1250 4696 κᾶν
1285 4647 1358 4710 τῇ
1387 4640 1629 4697 Ὀδυςςεί
1705 4642 1760 4706 (θ
1784 4644 1907 4709 370)
1946 4640 2321 4706 ἀνεγίνωςκεν
2356 4638 2680 4694 «Ἀλκίνους
2704 4639 2763 4691 δ’
2787 4639 3006 4692 Ἀλίον>>

424 4714 538 4778 πρὸ
574 4711 777 4765 τέλους
821 4714 1004 4764 ποιῶν
1047 4714 1155 4777 τὴν
1201 4712 1411 4766 ὀξεῖαν·
1448 4711 1561 4764 ἔςτι
1598 4725 1635 4773 μ
1738 4724 1790 4762 οι
1825 4725 1891 4774 γε
1936 4710 2355 4776 διαπεφευγότα
2398 4707 2550 4773 τινά,
2599 4707 2678 4760 ὡς
2712 4707 2782 4759 τὸ
2819 4707 3005 4760 Ἀνιος

423 4782 518 4833 καὶ
554 4780 917 4846 Εὐφορίωνος
953 4779 1148 4834 Ξένιος
1186 4783 1258 4844 (ν.
1296 4781 1462 4832 Mein.
1497 4778 1686 4830 Anall.
1722 4778 1879 4830 Alex.
1914 4782 2003 4845 23)
2041 4779 2132 4832 καὶ
2167 4777 2229 4831 ἐν
2264 4782 2334 4845 τῇ
2373 4774 2632 4843 ςυνηθείᾳ
2666 4775 2736 4827 τὸ
2777 4775 3004 4842 Κρόνιος

424 4851 502 4904 ef,
536 4851 717 4902 Lehrs
753 4850 819 4900 de
856 4851 1021 4905 Arist.
1060 4867 1113 4916 p.
1150 4846 1276 4900 269²
1307 4863 1461 4914 seqq.
1508 4846 1712 4903 Ὗπιο(
1746 4848 1941 4901 addidi
1977 4866 2042 4900 ex
2079 4851 2159 4899 St.
2195 4848 2257 4900 B.
2297 4853 2352 4898 et
2387 4847 2582 4899 Choer.
2618 4845 2674 4894 in
2710 4845 2775 4895 E.
2810 4847 2883 4896 M.
2920 4846 3004 4906 92,

420 4919 493 4969 42
529 4923 588 4970 et
625 4921 740 4982 110,
774 4920 859 4970 41.
