3664 5546
1123 422 1281 479 Περι
1323 420 1715 478 κΑοοΛικΗς
1750 419 2175 478 ΠΡοςΩιΔιΑς
2212 422 2279 476 Δ.
2908 419 2992 486 83

406 593 892 673 παρακριτής
954 593 1034 659 οὐ
1093 594 1269 674 παρὰ
1326 596 1401 661 τὸ
1466 596 1705 679 κριτής,
1776 593 1943 660 ἀλλὰ
2008 596 2084 661 τὸ
2140 593 2593 679 ὑποκρίνομαι,
2646 593 2995 676 προκρίνω,

406 696 791 775 παρακρίνω.
879 697 955 762 τὸ
1023 698 1094 761 δὲ
1159 698 1569 777 Ἐτεόκρης
1630 699 1733 763 καὶ
1797 698 2226 777 ἑτερόγνης
2291 695 2423 762 ἀπὸ
2489 697 2992 777 μονοςυλλὰβων

408 798 820 865 ςυντέθειται·
874 800 955 864 τὰ
998 800 1120 877 γὰρ
1166 800 1614 881 μονοςύλλαβα
1658 801 1944 881 ὀνόματα
1989 802 2058 865 ἐν
2102 807 2179 884 τῇ
2225 800 2503 865 ςυνθέςει
2549 798 2995 880 ἀναβιβάζουςι

406 901 522 966 τὸν
581 901 780 967 τόνον
837 898 984 965 οἷον
1038 902 1214 981 χθών
1268 902 1639 987 αὐτόχθων,
1695 904 1865 987 Θρᾷξ
1911 902 2269 986 (αμόθρᾳξ,
2324 904 2475 967 παῖς
2532 900 2756 967 εὔπαις
2800 900 2996 980 χωρὶς

405 1006 523 1067 τοῦ
566 1003 740 1069 πτώξ
786 1005 1149 1072 πολυπτώξ.
1216 1004 1335 1069 οὐκ
1378 1002 1714 1070 ἀντίκειται
1767 1004 1916 1086 ἡμῖν
1972 1006 2048 1070 τὸ
2106 1003 2592 1069 «Ποςειδὰωνος
2644 1003 2990 1084 ὑποδμώς»
3021 1008 3055 1059 5

408 1102 477 1187 (δ
518 1103 703 1187 2386)·
747 1105 1191 1183 παρέλκουςαν
1235 1108 1360 1186 γὰρ
1405 1107 1535 1187 ἔχει
1579 1109 1696 1187 τὴν
1740 1107 1871 1174 ὑπό
1914 1107 2230 1186 πρόθεςιν.

574 1207 670 1271 Τὰ
725 1207 813 1273 εἰς
868 1211 984 1286 {TE
1035 1210 1492 1291 πολυςύλλαβα
1545 1211 1786 1290 θηλυκὰ
1857 1210 2273 1293 βαρύνονται,
2344 1207 2750 1291 λογιότης,
2818 1212 2995 1273 λευ-

406 1309 670 1393 κότης,
714 1311 1083 1395 ποιότης,
1129 1311 1439 1396 ἑνότης,
1485 1312 1730 1396 ἰότης,
1777 1311 2078 1395 ἰςότης,
2134 1310 2566 1394 κουφότης,
2625 1310 2995 1393 δανότης,

406 1411 768 1495 ὀρςότης,
843 1414 1332 1498 λαμπρότης,
1419 1413 1769 1497 ὁςιότης,
1856 1413 2357 1498 γενναιότης,
2445 1412 2995 1495 μεγαλειότης,

406 1513 865 1597 κοςμιότης,
909 1516 1273 1598 κακότης,
1320 1515 1686 1598 δαςύτης,
1734 1517 2141 1598 δριμύτης,
2185 1516 2588 1594 γλυκύτης.
2665 1514 2993 1594 ςεςημείω-
3036 1525 3100 1576 10

403 1636 506 1680 ται
551 1615 925 1700 ταχυτής,
972 1618 1396 1700 βραδυτής,
1440 1616 1814 1700 ἁδροτής,
1861 1617 2288 1701 ἀνδροτής,
2346 1618 2684 1696 δηϊοτής.
2772 1617 2875 1681 καὶ
2917 1617 2997 1681 τὰ

406 1718 565 1795 παρ’
610 1718 911 1791 Ἀττικοῖς
959 1718 1237 1787 ὀξύτονα
1279 1720 1696 1803 τραχυτής,
1743 1720 2164 1801 κουφοτής.
2219 1721 2295 1785 τὸ
2343 1720 2559 1799 μέντοι
2603 1719 2850 1823 ποτής
2893 1718 2998 1783 καὶ

407 1819 588 1898 ἑςτής
633 1821 736 1885 καὶ
780 1820 1004 1900 ἐςθής
1049 1822 1408 1902 διςύλλαβα.
1496 1823 1572 1887 τὸ
1619 1824 1690 1887 δὲ
1735 1823 2120 1902 νημερτής
2175 1823 2278 1887 καὶ
2321 1821 2677 1902 ἀψευδής
2723 1821 2995 1886 ἐπίθετα.

580 1922 905 2002 Νημερτής
949 1943 1017 1989 τε
1063 1926 1165 1990 καὶ
1211 1924 1524 2005 Ἀψευδὴς
1569 1926 1671 1988 καὶ
1719 1924 2154 1992 Καλλιάναςςα
2197 1922 2306 2006 (11.
2353 1922 2398 1987 C
2437 1922 2568 2006 46).

1125 2264 1303 2329 ΠΕΡΙ
1351 2262 1509 2329 ΤΩΝ
1558 2264 1669 2330 ΕΙ(
1714 2268 1768 2330 ff:
1813 2263 2283 2332 ΟΝΟΜΑΤΩΝ.
3031 2277 3096 2329 15

1511 2418 1783 2473 ΒΙΒΛΙΟΝ
1819 2412 1884 2472 δ’.

577 2552 671 2618 Τὰ
694 2552 783 2617 εἰς
807 2558 863 2616 ῖς
887 2554 1388 2633 ςυνεςταλμένον
1410 2554 1485 2619 τὸ
1509 2557 1543 2617 ἶ
1574 2553 1810 2633 ἔχοντα
1839 2555 2135 2633 ἀρςενικὰ
2165 2554 2268 2618 καὶ
2290 2553 2528 2634 θηλυκὰ
2550 2554 2654 2618 καὶ
2676 2554 2861 2619 κοινὰ
2887 2559 2994 2635 βα-

405 2656 688 2738 ρύνεται,
719 2654 937 2738 ὄφις,
968 2654 1164 2739 ἔχις,
1199 2654 1872 2740 Θέτις,ὄϊς,πάῑς,
1904 2656 2993 2739 μάντις,”Αλεξις,Πρύτανις.

403 2830 544 2880 item
583 2826 887 2893 προκριτής
924 2832 982 2878 et
1017 2827 1359 2893 παρακριτής
1406 2834 1463 2879 et
1495 2827 1565 2879 τὸ
1611 2828 1674 2880 δὲ
1711 2826 2005 2894 Ἐτεόκρης
2049 2844 2115 2879 us
2155 2845 2223 2878 ue
2262 2828 2331 2879 ad
2368 2827 2529 2878 finem
2564 2828 2628 2878 E.
2668 2827 2740 2877 M.
2780 2828 2817 2878 1.
2855 2845 2900 2878 c.
2939 2832 2998 2878 et

404 2897 607 2948 Choer.
648 2899 759 2960 175,
797 2899 878 2947 35.
1049 2895 1086 2949 1.
1112 2898 1144 2946 8
1182 2895 1314 2947 ἑνότ
1357 2910 1384 2948 ς
1421 2894 1577 2961 ἰότης
1615 2913 1684 2947 ex
1718 2898 1865 2947 Mon.
1891 2901 1972 2960 33,
2015 2900 2101 2959 19,
2169 2895 2337 2962 ςότης
2370 2924 2435 2932 -—
2473 2894 2710 2960 ὸρςότης
2747 2913 2815 2947 ex
2848 2897 2994 2947 Mon.

402 2969 489 3028 40,
528 2969 589 3028 8,
628 2962 958 3030 λαμπρότης
993 2992 1056 3000 —-
1097 2965 1321 3027 μεγαλει
1360 2978 1462 3028 της
1508 2981 1575 3015 ex
1611 2965 1857 3031 Theogn.
1894 2968 1984 3025 47,
2029 2968 2103 3015 10.
2176 2963 2473 3029 κοςμιότης
2509 2992 2573 2998 -
2610 2963 2891 3029 γλυκύτης
2929 2981 2995 3014 ex

405 3033 606 3084 Choer.
632 3036 751 3095 351,
775 3035 841 3083 28
867 3038 922 3083 et
958 3036 1074 3090 352,
1101 3036 1149 3082 8.
1255 3033 1289 3083 l.
1321 3036 1382 3084 10
1417 3031 1698 3098 γλυκύτης
1725 3050 1792 3084 ex
1817 3033 2065 3098 Theogn.
2171 3034 2206 3083 1.
2237 3035 2297 3082 11
2333 3030 2610 3096 ἀνδροτή(
2648 3048 2715 3082 ex
2738 3033 2883 3083 Mon.
2910 3035 2994 3094 33,

401 3099 638 3166 δηϊοτής
675 3102 739 3152 Il.
778 3100 865 3150 Pr.
908 3098 942 3152 Γ
976 3103 1061 3153 20.
1223 3101 1258 3153 l.
1301 3103 1363 3153 13
1401 3098 1562 3164 ἑςτής
1598 3101 1690 3152 καὶ
1726 3099 1889 3166 ἑςθής
1926 3100 2223 3151 Schmidtio
2260 3105 2563 3166 praeeunte
2603 3100 2731 3150 dedi
2768 3116 2865 3166 pro
2903 3099 2993 3151 καὶ

403 3168 572 3234 ὲεθής
628 3183 695 3219 ex
739 3169 803 3218 Ε.
852 3168 925 3219 Μ.
968 3172 1093 3229 382,
1138 3171 1218 3220 50.
1429 3166 1678 3234 ἀψευδής
1726 3169 1917 3220 addidi
1973 3174 2030 3220 et
2072 3185 2292 3220 versum
2336 3169 2684 3219 Homericum
2728 3169 2993 3219 innuente

401 3238 726 3288 Herodiano
762 3235 825 3286 ΙΙ.
851 3236 1011 3287 Pros.
1049 3233 1088 3289 C
1125 3239 1192 3288 39
1228 3242 1285 3288 et
1324 3235 1516 3287 Choer.
1556 3237 1589 3286 l.
1615 3253 1658 3287 c.
1697 3237 1766 3288 of.
1805 3237 1983 3288 Lehrs
2008 3237 2308 3288 Aristarch.
2350 3254 2403 3302 p.
2431 3235 2583 3298 265²,
2621 3242 2900 3287 caeterum
2937 3236 2994 3286 in

403 3305 512 3355 hac
558 3310 717 3371 parte
764 3306 980 3354 omniuo
1027 3306 1199 3370 pressi
1245 3306 1487 3370 vestigia
1523 3305 1742 3356 Lehrsii
1788 3310 2005 3371 quaest.
2043 3322 2129 3390 ep.
2173 3306 2473 3356 143—166.
2543 3304 2827 3355 Afferendi
2864 3309 2997 3356 sunt

404 3375 515 3423 duo
552 3372 662 3424 loci
697 3372 981 3422 Eustathii
1017 3389 1068 3438 p.
1107 3376 1200 3434 26,
1238 3377 1329 3424 4οε
1376 3371 1623 3436 ἀλλαχοῦ
1662 3373 1695 3424 ό
1731 3372 1906 3436 αὐτὸς
1943 3372 2042 3437 (sc.
2099 3372 2447 3438 Ηρωδιανὸς)
2486 3371 2798 3425 κανονίζων
2834 3375 2994 3425 πιθα-

401 3443 526 3492 νῶς
567 3440 676 3492 τὸν
718 3437 894 3491 τόνον
937 3441 1040 3504 τῆς
1076 3442 1391 3505 ταχυτῆτος
1438 3441 1528 3492 καὶ
1572 3435 1873 3524 δηϊοτῆτος
1919 3441 2093 3504 λέγει,
2133 3440 2221 3493 ὅτι
2257 3440 2329 3493 τὰ
2365 3439 2444 3492 εἰς
2482 3443 2514 3492 ς’
2557 3440 2808 3505 λήγοντα
2854 3439 2997 3505 μετὰ

404 3510 648 3573 μακρᾶς,
727 3505 855 3564 νίκα
900 3506 1220 3572 ὸξύνονται,
1267 3509 1376 3573 τὴν
1422 3509 1858 3574 παραληγουςαν
1904 3508 2018 3573 ἔχει
2064 3507 2490 3574 ἐκτεινομένην,
2527 3507 2754 3574 κνημίς,
2792 3507 2993 3574 ψηφίς,

399 3575 636 3641 γλωχίς,
672 3590 708 3627 α
730 3575 866 3628 δώς·
904 3575 989 3627 διὸ
1024 3577 1116 3627 καὶ
1154 3576 1189 3639 ἡ
1229 3575 1338 3628 ἕως
1375 3578 1581 3642 βαρυτο
1658 3579 1810 3629 θεῖςα
1848 3577 2158 3629 ςυνέςτειλε
2203 3578 2312 3643 τὴν
2348 3576 2798 3642 παραλήγουςαν.
2869 3575 2996 3629 οὔκ-

396 3660 504 3697 ουν
561 3644 651 3696 καὶ
704 3643 739 3707 ἡ
785 3642 1031 3709 ταχυτὴς
1079 3644 1169 3695 καὶ
1213 3644 1468 3710 δηϊοτής,
1518 3643 1567 3697 εἰ
1673 3645 1939 3708 ξύνοντο,
2001 3646 2572 3710 βραχυπαραληκτεῖν.
2608 3644 2766 3708 εἶχον
2812 3642 2883 3696 ἄν
2940 3651 2997 3696 et

399 3731 454 3779 p.
493 3716 617 3776 287,
653 3716 743 3763 20:
783 3710 1079 3776 ςημείωςαι
1116 3712 1203 3764 ὅτι
1239 3712 1366 3764 τινὰ
1400 3716 1523 3764 τῶν
1559 3714 1818 3765 παλαιῶν
1855 3712 2221 3778 ἀντιγράφων
2259 3712 2536 3780 Τροίζηνα
2573 3711 2997 3778 προπαροξυτό-

401 3795 522 3834 νως
562 3780 833 3845 ἔγραψαν,
872 3777 957 3831 οἷς
993 3780 1086 3831 καὶ
1124 3780 1464 3845 Ἡρωδιανὸς
1502 3785 1794 3846 ςυνηγορεῖ
1831 3780 1893 3833 ἐν
1917 3786 2003 3848 τῷ
2029 3781 2156 3847 περὶ
2193 3784 2509 3847 ταχυτῆτος
2547 3781 2637 3832 καὶ
2673 3781 2994 3847 δηϊοτῆτος,

402 3849 492 3902 ὅτι
533 3848 568 3911 ἡ
608 3848 799 3912 Δωρὶς
837 3848 926 3899 καὶ
963 3847 1148 3900 Αἰολὶς
1183 3847 1472 3900 διάλεκτος
1519 3848 1795 3901 οὐδέποτε
1842 3850 1985 3902 κατὰ
2029 3850 2258 3915 γενικὴν
2304 3849 2816 3914 περιττοςύλλαβον
2851 3848 2921 3900 τὸ
2956 3851 2993 3912 ῆ

404 3916 795 3982 μετατιθέαςιν
832 3914 909 3967 εἰς
946 3919 998 3979 ἃ,
1038 3914 1087 3968 εἰ
1124 3917 1197 3981 μὴ
1237 3917 1551 3981 βαρύνοιτο,
1589 3916 1797 3983 Ἕλλην
1832 3916 2058 3982 Ἕλλαν,
2097 3915 2336 3983 Τροίζην
2373 3915 2625 3983 Τροίζαν.
2686 3916 2897 3981 ποιμ’ν
2931 3915 2993 3968 δὲ

400 3987 496 4038 καὶ
534 3984 703 4049 λιμ’ν
741 3983 845 4036 οὐκ
881 3983 951 4034 ἂν
995 3983 1179 4049 ἐροῦςι
1215 3984 1303 4036 διὰ
1339 3987 1442 4036 τοῦ
1480 3988 1541 4049 “α“,
1589 3981 1713 4037 ἐπεὶ
1749 3985 2113 4039 ὀξυτονεῑται.
2184 3985 2278 4039 ἐπὶ
2367 3985 2518 4038 έντοι
2557 3984 2832 4048 μονοςυλλ
2875 3985 2994 4048 βων

403 4055 641 4117 μετατιθ
674 4067 760 4104 αςι
785 4051 854 4103 τὸ
882 4051 1023 4118 ςφήξ
1060 4053 1151 4103 καί
1189 4052 1299 4117 μήν
1336 4051 1476 4117 ςφάξ
1513 4051 1778 4117 λέγοντες
1815 4055 1906 4105 καὶ
1944 4053 2066 4117 μάν.
2115 4068 2204 4106 ςες
2248 4069 2313 4117 με
2339 4069 2499 4118 ωται,
2537 4050 2689 4119 φηςί,
2726 4050 2796 4104 τὸ
2834 4050 2993 4104 ἐςθάς

399 4121 754 4187 ὀξυνόμενον
789 4119 880 4171 καὶ
914 4119 1004 4172 διὰ
1038 4124 1142 4172 τοῦ
1179 4125 1213 4172 ἅ
1250 4119 1562 4184 λεγόμενον
1598 4122 1751 4187 παρὰ
1785 4122 2053 4189 Πινδάρῳ
2090 4121 2153 4174 ἐν
2246 4121 2576 4186 υθιονίκαις,
2627 4137 2733 4187 quo
2779 4122 2837 4170 in
2876 4121 2996 4170 loeo

403 4191 741 4242 Eustathius
775 4193 839 4240 ut
874 4189 1018 4239 alias
1062 4205 1228 4255 saepe
1263 4190 1573 4241 Herodiani
1617 4192 1953 4242 sententiam
2000 4191 2332 4257 pervertisse
2380 4192 2629 4253 videtur,
2677 4205 2803 4239 nam
2849 4193 2994 4239 teste

403 4258 696 4325 Stephano
733 4260 866 4323 Byz.
907 4256 1145 4323 Τροιζὴν
1180 4258 1495 4308 Herodiano
1533 4259 1641 4309 fuit
1678 4266 1985 4323 oxyt0n0n‚
2024 4275 2194 4324 quare
2239 4275 2332 4325 pro
2370 4257 2610 4324 Τροίζην
2647 4257 2798 4308 aliud
2835 4257 2994 4322 bary-

403 4333 596 4378 tonum
643 4324 968 4377 vocabulum
1015 4327 1280 4377 substitui
1338 4327 1524 4377 debet.
1601 4327 1904 4378 Praeterea
1954 4327 2310 4378 Herodianus
2354 4342 2439 4392 ap.
2488 4329 2566 4377 St.
2618 4329 2679 4377 B.
2727 4324 2996 4390 duplicem

403 4396 637 4460 oxytoni
675 4394 903 4444 formam
941 4395 1152 4459 profert
1192 4393 1353 4448 Ἀζάν
1391 4399 1447 4445 et
1487 4393 1649 4459 Ἀζήν
1687 4411 1729 4446 s.
1751 4412 1804 4445 ν.
1846 4391 2081 4459 Ἀζηνία.
2132 4396 2556 4446 Grammatieum
2593 4395 2996 4445 abstractorum

400 4460 656 4528 ταχυτὰς
697 4462 961 4526 (Pindar.)
999 4461 1272 4526 βραδυτάς
1310 4467 1414 4515 ete.
1454 4462 1683 4513 oblitum
1720 4479 1899 4528 neque
1938 4463 1995 4513 iu
2032 4463 2259 4528 reliquis
2303 4463 2373 4513 de
2409 4468 2638 4513 accentu
2675 4468 2823 4514 recte
2860 4461 2997 4511 iudi-

403 4548 564 4582 casse
603 4535 837 4582 annotat
871 4530 1088 4581 Abrens
1125 4530 1193 4581 de
1231 4530 1360 4581 dial.
1385 4531 1516 4581 Dor.
1548 4533 1644 4581 136
1680 4535 1794 4583 not.
1832 4533 1882 4593 6,
1918 4531 2065 4581 idem
2102 4547 2199 4596 pro
2237 4528 2349 4595 μήν
2385 4533 2701 4597 suspicatur
2733 4528 2840 4594 χήν
2876 4544 2995 4594 pro-

401 4604 619 4665 pterea,
655 4604 721 4649 ut
756 4598 1001 4656 videtur,
1040 4599 1183 4664 quod
1218 4600 1420 4650 Dorica
1465 4599 1678 4663 species
1723 4600 1875 4649 νοοίε
1913 4598 2023 4664 μήν
2058 4606 2146 4650 est
2183 4597 2315 4662 μείς.
2523 4599 2557 4650 1.
2598 4601 2659 4649 17
2705 4612 2880 4648 canon
2925 4598 3012 4648 ab·

401 4668 641 4718 Arcadio
695 4667 1020 4717 immutatus
1067 4672 1180 4729 est,
1227 4683 1352 4718 nam
1400 4682 1727 4733 quamquam
1773 4683 1963 4718 verum
2011 4671 2095 4718 est
2144 4668 2326 4718 omnia
2370 4669 2643 4731 berytona
2684 4666 2743 4716 in
2777 4667 2828 4716 ῑί
2873 4666 2999 4716 sim-

407 4734 578 4802 plicia
614 4736 887 4800 corripere
932 4735 966 4786 “ι“
1007 4735 1214 4800 (Dichr.
1253 4738 1379 4798 298,
1417 4735 1532 4801 24),
1587 4737 1920 4785 eontrarium
1969 4735 2113 4800 quod
2151 4735 2371 4786 Arcadii
2407 4750 2615 4785 canone
2662 4735 2995 4796 continetur,

403 4819 517 4853 non
553 4805 733 4870 magis
769 4802 923 4853 valet
961 4819 1121 4867 quam
1139 4805 1300 4868 .quod
1325 4803 1644 4853 Herodiano
1669 4804 1907 4868 imputat
1930 4803 2185 4857 Eustath.
2214 4805 2296 4867 26,
2322 4806 2386 4854 27
2422 4801 2530 4867 (ὡς
2554 4804 2639 4867 τῷ
2667 4800 2981 4867 ‘'wanhun“

404 4869 589 4935 δοκεῖ,
623 4870 697 4923 τὰ
735 4869 838 4934 μὲν
875 4870 1156 4935 βαρύτονα
1202 4873 1326 4922 τῶν
1362 4869 1440 4922 εἰς
1477 4872 1529 4922 s?
1573 4869 1874 4936 ληγόντων
1910 4870 2294 4935 ςυςτέλλεται,
2339 4869 2411 4922 τὰ
2445 4869 2506 4921 δὲ
2542 4869 2785 4921 ὀξύτονα
2822 4867 2951 4922 ἑκτε
2975 4899 2996 4909 -

405 4951 582 4990 νεται.
650 4941 756 4991 τοῦ
796 4937 1105 5004 προτέρου,
1142 4937 1302 5004 φηςί,
1331 4939 1540 5002 ιγένους
1578 4937 1692 4990 ἐςτί
1736 4938 1805 4990 τὸ
1843 4939 2132 5004 Ἄλεξις,
2169 4937 2534 5003 Πρύτανις.
2604 4937 2761 4990 οὕτω
2807 4936 2868 4989 δὲ
2905 4938 2998 4989 καὶ

2499 5020 2591 5086 6*
