3664 5546
745 384 872 452 508
1676 385 1759 441 ΕΚ
1795 386 1935 441 ΤΩΝ
1977 385 2384 440 ΗΡΩΔΙΑΝΟΥ

745 563 996 624 τουτῶ
1040 558 1244 624 αὐτῶ
1300 559 1457 623 κατὰ
1502 558 1844 638 ἀποκοπὴν
1888 561 1999 637 τῆς
2043 543 2159 624 ὂῖν
2198 560 2509 637 ςυλλαβῆς
2554 558 2656 622 καὶ
2699 557 2939 623 ἐκτάςει
2983 561 3097 623 τοῦ
3137 562 3172 622 ὃ
3212 558 3293 625 εἰς

747 683 800 725 ω
842 660 1072 741 Δώριά
1122 660 1305 725 ἐςτιν.

914 780 1008 846 Τὰ
1061 780 1150 846 εἰς
1204 785 1284 847 αν
1342 782 1622 859 λήγοντα
1675 782 1779 846 καὶ
1836 781 2079 861 μακρὸν
2133 780 2264 860 ἔχει
2321 781 2397 845 τὸ
2451 784 2493 844 ἃ
2547 781 2649 844 καὶ
2694 780 3059 863 βαρύνεται,
3112 780 3294 864 λίαν,

747 881 974 967 ἄγαν,
1031 883 1247 967 εὔάν,
1301 884 1576 967 πέραν,
1642 884 1804 963 ὅπερ
1861 884 2148 949 Ἰωνικῶς
2212 883 2415 961 πέρην
2472 882 2720 960 λέγεται
2785 883 3028 962 «πέρην
3085 886 3297 948 κλυτοῦ

673 994 704 1043 5
751 986 1109 1052 ὠκεανοῖο»
1154 986 1515 1052 Διονύςιος.
1602 988 1678 1051 τὸ
1723 987 2040 1066 πάμπαν
2087 985 2188 1050 καὶ
2229 984 2474 1051 τάλαν
2520 985 2837 1050 ςυςτέλλει
2878 986 2955 1050 τὸ
3001 987 3056 1049 fi.
3108 986 3194 1050 τὸ
3235 987 3299 1049 δὲ

749 1088 934 1153 ὅταν
980 1090 1098 1153 δύο
1145 1090 1300 1169 μέρη
1345 1088 1577 1170 λόγου,
1633 1087 1741 1152 ὅτε
1782 1090 1884 1153 καὶ
1928 1087 2024 1152 ἄν.
2102 1088 2177 1152 τὸ
2222 1087 2419 1153 δοάν
2477 1087 2871 1168 ὀξυνόμενον
2915 1087 3298 1167 πλεοναςμὸν

684 1268 699 1287 „
749 1190 880 1269 ἔχει
924 1195 1041 1255 τοῦ
1088 1195 1157 1274 ὅ,
1201 1192 1321 1269 δήν
1368 1191 1487 1255 δάν
1533 1191 1710 1256 δοάν.
1776 1192 1853 1256 τὸ
1898 1190 1952 1254 ὦ
1995 1194 2132 1255 τᾶν
2177 1191 2298 1255 δύο
2342 1191 2822 1270 περιςπωμὲνας
2867 1189 3015 1270 ἔχει.

916 1336 953 1373 οε
1003 1309 1244 1375 (πάνια
1279 1310 1357 1374 τά
1402 1310 1490 1375 εἰς
1536 1313 1619 1375 ’ἵν
1663 1310 1945 1389 λήγοντα
1990 1311 2382 1389 ἐπιρρήματα
2425 1311 2505 1374 τὰ
2550 1312 2630 1390 μὴ
2676 1309 2911 1390 ἔχοντα
2953 1310 3082 1389 πρὸ
3124 1312 3233 1373 τοῦ
3274 1312 3301 1375 ἐ

748 1415 824 1479 τὸ
876 1401 914 1476 ὃ
957 1414 1058 1477 καὶ
1101 1412 1507 1491 εὐαρίθμητα·
1573 1411 1697 1476 ἔςτι
1751 1413 1877 1490 γὰρ
1931 1412 2008 1476 τὸ
2064 1412 2374 1479 ἔπειτεν
2431 1413 2563 1478 ἀπὸ
2618 1416 2735 1477 τοῦ
2791 1411 3011 1477 ἔπειτα
3052 1410 3306 1487 γεγονός

652 1522 715 1572 lo
749 1516 852 1579 καὶ
916 1512 1106 1596 εἶεν,
1172 1514 1211 1579 ὅ
1275 1534 1443 1579 τινες
1497 1513 1850 1581 ὀξύνουςιν.
1938 1516 2040 1580 καὶ
2092 1515 2166 1580 τό
2223 1513 2391 1580 αἰέν
2453 1514 2777 1594 ὁμότονον
2844 1514 2945 1578 καὶ
2999 1512 3306 1593 ὁμόςημον

749 1623 841 1701 τῷ
891 1616 1005 1682 ἀεί.

919 1734 1013 1799 Τὰ
1067 1735 1154 1800 εἰς
1208 1720 1324 1814 δην
1391 1734 1601 1801 πάντα
1661 1736 2027 1819 βαρύνεται,
2096 1737 2403 1819 κλίδην,
2466 1736 2775 1819 μίγδην,
2842 1735 3311 1817 ἐμπλήγδην,

751 1836 978 1921 ἅδην,
1046 1838 1453 1922 ἐπαῖγδην,
1522 1837 1796 1921 βάδην,
1860 1840 2135 1921 χύδην,
2201 1838 2568 1919 κρύβδην,
2637 1838 2980 1920 φύρδην,
3038 1836 3312 1916 ςπορά·

751 1945 922 2022 δην,
969 1939 1399 2022 ἀλλάγδην,
1460 1940 1909 2023 παμπήδην,
1966 1942 2402 2019 διαρρήδην
2458 1942 2560 2005 καὶ
2603 1940 2768 2005 ἄλλα
2812 1940 3014 2020 μυρία.
3104 1940 3203 2004 καὶ
3241 1938 3312 2002 τὰ

654 2050 715 2100 15
751 2042 841 2107 εἰς
884 2044 969 2119 {TV
1011 2040 1401 2122 ἐπιρρήματα
1446 2044 1526 2122 μὴ
1570 2043 2066 2122 προηγουμένου
2109 2047 2226 2107 τοῦ
2267 2030 2305 2108 δ
2359 2044 2661 2126 πρῴην,
2728 2044 3006 2125 μάτην,
3066 2043 3319 2123 βύζην,

752 2143 1055 2224 ἔμπλην
1101 2145 1201 2207 καὶ
1257 2143 1497 2222 ἄντην
1545 2144 1910 2225 βαρύνεται·
1962 2144 2039 2208 τὸ
2082 2145 2206 2224 γὰρ
2250 2144 2529 2227 ἀκμήν,
2586 2144 3049 2227 ἐθελοντήν,
3108 2144 3318 2208 ἑκον-

751 2247 885 2325 τήν
932 2245 1307 2326 ὀνοματικά·
1354 2246 1454 2310 διὸ
1500 2248 1602 2310 καὶ
1647 2247 2099 2319 ,ςυνοξύνονται
2144 2251 2280 2312 τοῖς
2325 2246 2644 2328 ὀνόμαςιν.
2730 2248 2807 2311 τὸ
2864 2247 2940 2311 δὲ
2980 2246 3181 2325 ήμήν
3223 2244 3321 2323 ὁρ-

752 2348 930 2413 κικὸν
973 2348 1284 2428 ἐπίρρημα
1328 2346 1636 2415 ὀξύνεται.
1702 2347 1741 2413 ὁ
1786 2350 1859 2413 δὲ
1887 2352 2155 2429 ποιητὴς
2184 2347 2285 2413 ἀεὶ
2313 2349 2418 2414 διὰ
2447 2352 2562 2413 τοῦ
2594 2351 2625 2413 ἒ
2660 2344 3055 2428 προφέρεται
3104 2348 3183 2427 «ἡ
3217 2346 3321 2427 μέν

712 2468 858 2529 ’μοι
914 2450 1273 2531 πρόφρων»
1339 2450 1416 2533 (Α
1462 2449 1571 2532 77)
1627 2450 1823 2530 «ἠμὲν
1880 2450 2020 2530 ἐμοὶ
2076 2452 2342 2516 δώςειν»
2400 2450 2485 2534 (Ξ
2539 2449 2708 2532 275).
2811 2450 2886 2515 τὸ
2931 2451 3025 2521 ῑδὲ
3094 2448 3324 2529 ἐχρῆν

653 2562 721 2611 20
756 2552 1235 2632 περιςπώμενον
1283 2551 1401 2616 οὐκ
1443 2552 1784 2635 ἐπίρρημα,
1831 2552 1998 2618 ἀλλὰ
2043 2552 2223 2633 ῥῆμα.

921 2698 959 2734 κ-
1007 2670 1100 2735 Τά
1145 2670 1233 2735 εἰς
1275 2675 1340 2735 iv
1384 2671 1778 2753 ἐπιρρήματα
1808 2672 1878 2737 ἐκ
1907 2675 2313 2753 πλεοναςμοῦ
2346 2673 2474 2751 ἔχει
2506 2673 2582 2738 τὸ
2627 2676 2666 2738 ν’
2709 2671 2854 2738 οἷον
2885 2671 3031 2737 αὖθι
3078 2670 3326 2750 αὖθιν,

757 2772 929 2840 οὕτω
973 2773 1094 2853 γὰρ
1151 2773 1397 2851 λέγεται
1449 2775 1623 2855 παρὰ
1667 2775 1994 2854 Ῥηγίνοις.
2083 2775 2238 2841 πάλι
2283 2776 2549 2859 πάλιν,
2604 2777 2825 2857 πέρυςι
2878 2776 3240 2856 πέρυςιν,
3294 2771 3327 2838 ὃ

758 2966 1159 2973 -ῌ-...ῌ--ῄ-

755 3098 1859 3235 ἓξῖξρώῆμέξὲἔὶεἷαὶεἱῗέ(ἔὲῗηὲἑίῗῖἶῖῑ
1913 3099 2125 3220 {⁶252
2160 3102 2277 3221 '‘5⁰3¹ss
2296 3098 2497 3219 “hm'‘
2566 3100 2735 3222 23⁶2}
2770 3099 3331 3233 33315‘00‘2215‘323

756 3236 947 3286 addidi
985 3243 1209 3302 propter
1244 3238 1470 3287 canonis
1505 3237 1992 3288 conformationem
2036 3243 2204 3303 atque
2239 3237 2611 3289 Herodianum
2656 3238 2724 3289 de
2772 3238 2858 3292 his
2903 3238 3051 3289 idem
3099 3237 3329 3288 sensisse

758 3309 925 3369 atque
962 3303 1307 3369 Apollonium
1354 3306 1420 3356 de
1458 3305 1581 3357 adv.
1617 3308 1741 3368 604,
1777 3309 1877 3357 622
1922 3312 2080 3371 patet
2125 3322 2192 3356 ex
2226 3306 2432 3356 Herod.
2486 3305 2614 3371 περὶ
2650 3307 2854 3357 παθῶν
2898 3307 2956 3355 in
3001 3305 3070 3356 Ε.
3111 3306 3182 3357 Μ.
3219 3306 3330 3362 331,

758 3375 823 3422 14
867 3370 1046 3423 πόθεν
1090 3376 1199 3424 πῶ.
1405 3373 1441 3423 l.
1478 3377 1511 3424 4
1564 3373 1699 3425 εὔαν
1752 3375 2063 3439 barytonon
2143 3374 2500 3425 raeseribitur
2549 3376 2619 3425 ab
2661 3376 2736 3427 Io.
2779 3374 2963 3436 Alex„
3019 3375 3231 3439 pariter
3281 3372 3331 3420 in

760 3440 942 3490 Sehol.
988 3440 1060 3490 ad
1104 3441 1334 3506 Dionys.
1376 3444 1502 3506 949,
1552 3445 1639 3505 19,
1697 3457 2022 3507 quamquam
2068 3456 2093 3493 ε
2134 3440 2204 3493 ἀν
2248 3447 2514 3506 oxytonos
2558 3445 2824 3507 seriptum
2866 3448 2978 3493 est:
3025 3440 3101 3493 τὰ
3148 3438 3225 3492 εἰς
3267 3443 3329 3490 fxit

760 3506 1083 3573 βαρύνεται,
1123 3506 1274 3572 λίαν,
1311 3508 1481 3574 ἄγαν,
1520 3509 1724 3574 πέραν,
1763 3508 2105 3572 ὀνοματικὸν
2140 3507 2277 3561 εὐάν
2324 3509 2600 3575 βακχικόν.
2669 3509 2739 3562 τὸ
2784 3509 2844 3561 δὲ
2881 3509 3023 3561 ὅταν
3059 3508 3162 3560 δύο
3201 3506 3329 3573 μέρη

758 3574 947 3638 λόγου.
1016 3576 1085 3628 τὸ
1130 3574 1268 3628 δοάν
1312 3577 1451 3642 παρ’
1500 3576 1762 3643 Ἀλκμᾶνι
1807 3578 2083 3643 Δωρικῶς
2128 3576 2399 3630 ὀξύνεται.
2477 3579 2548 3631 cf.
2591 3578 2777 3629 Dichr.
2820 3580 2946 3641 290,
2992 3581 3084 3629 13:
3137 3575 3212 3628 τὰ
3259 3573 3330 3627 εἰς

758 3647 828 3694 ἂν
865 3642 1116 3709 λήγοντα
1161 3643 1507 3710 ἐπιρρήματα
1548 3644 1852 3699 ἐκτείνουςι
1893 3646 1963 3698 τὸ
2006 3649 2067 3710 ἃ,
2113 3645 2281 3709 ἄγαν,
2328 3644 2479 3710 λίαν,
2530 3645 2736 3710 πέραν,
2785 3644 2947 3709 εὐάν,
2992 3642 3330 3706 ὑπεςταλμέ-

759 3727 862 3763 νου
916 3715 1019 3763 τοῦ
1077 3710 1327 3775 πάμπαν.
1412 3713 1481 3765 τὸ
1541 3714 1647 3779 γὰρ
1701 3714 1842 3766 ὅταν
1896 3713 1998 3766 δύο
2056 3712 2192 3780 μέρη
2255 3713 2429 3777 λόγου
2491 3713 2629 3778 ἐςτι,
2685 3713 2783 3765 ὅτε
2837 3713 2928 3764 καὶ
2979 3711 3068 3765 ἄν.
3156 3712 3226 3764 τὸ
3274 3708 3329 3762 δέ

759 3778 939 3831 τάλαν
982 3779 1321 3844 ὀνοματικὸν
1374 3779 1487 3833 ἐςτι
1541 3783 1630 3845 (de
1676 3781 1914 3846 πάμπαν
1968 3783 2041 3835 cf.
2087 3783 2294 3834 Herod.
2351 3784 2407 3833 in
2454 3784 2515 3833 E.
2561 3783 2703 3833 Gud.
2751 3785 2875 3838 450.
2930 3783 3033 3832 An.
3081 3782 3209 3831 Par.
3253 3780 3330 3830 111

755 3851 873 3911 355,
912 3849 981 3911 7).
1051 3848 1116 3899 11.
1151 3849 1238 3899 Pr.
1278 3848 1320 3900 Α
1356 3853 1479 3900 519:
1518 3849 1661 3914 πρόδ
1702 3851 1803 3902 λον
1840 3849 1901 3902 δὲ
1937 3848 1999 3902 ἐκ
2034 3853 2138 3902 τοῦ
2175 3852 2523 3916 χαρακτῆρος
2569 3849 2698 3915 (τοῦ
2736 3848 2901 3914 ὅταν)
2937 3848 3028 3901 ὅτι
3064 3847 3134 3900 οὐ
3176 3846 3328 3899 δύνα-

759 3929 851 3966 ται
888 3914 951 3968 ἓν
987 3915 1158 3980 εἶναι,
1197 3915 1311 3979 εἴγε
1348 3915 1419 3967 τὰ
1456 3915 1534 3969 είς
1570 3933 1639 3969 αν
1708 3917 2027 3984 πιρρήματα
2071 3917 2348 3970 οὐδέποτε
2393 3917 2674 3971 ςυςτέλλει
2717 3917 2787 3968 τὸ
2822 3920 2874 3968 ἃ.
2942 3916 3013 3968 τὸ
3049 3916 3160 3981 γὰρ
3196 3913 3328 3977 πάμβ

761 3998 877 4036 παν
913 3983 980 4035 οὐ
1019 3983 1180 4049 φύςει
1216 3983 1510 4051 ἐπίρρημα.
1581 3987 1652 4036 cf.
1689 3988 1872 4052 Apoll.
1908 3988 1973 4038 de
2012 3988 2135 4037 adv.
2168 3989 2267 4038 570
2304 4002 2483 4052 seqq.‚
2520 3989 2623 4051 Ep.
2649 3986 2738 4037 Cr.
2763 3987 2788 4036 1
2821 3987 2938 4046 328,
2979 3988 3070 4042 11;
3109 3987 3227 4046 346,
3255 3986 3327 4042 11,

760 4057 862 4103 An.
900 4054 1001 4105 Ox.
1040 4055 1094 4103 11
1131 4055 1256 4115 385,
1293 4058 1374 4107 23.
1580 4055 1614 4105 l.
1655 4057 1686 4105 8
1739 4056 1884 4106 hune
1918 4071 2179 4106 canonem
2216 4056 2448 4119 apposui
2485 4071 2552 4104 ex
2588 4054 2834 4119 Theogn.
2873 4056 2988 4114 161,
3026 4054 3123 4116 28,
3179 4066 3328 4117 quem

762 4121 1017 4186 Uhligius
1050 4122 1109 4170 in
1143 4124 1333 4173 Museo
1358 4122 1622 4173 Rhenano
1649 4123 1779 4173 XIX
1814 4140 1868 4189 p.
1895 4127 1961 4174 34
1996 4138 2157 4188 quum
2195 4123 2344 4172 dieat
2380 4122 2498 4174 εἷεν
2535 4139 2569 4172 a
2604 4121 2929 4187 quibusdam
2964 4122 3110 4182 acui,
3148 4135 3329 4186 parum

761 4190 1070 4239 meminisse
1107 4191 1409 4255 scripturae
1447 4189 1566 4241 εἶὲν
1601 4191 1838 4252 iudicat3
1879 4192 1975 4242 sed
2013 4190 2128 4240 fieri
2164 4193 2370 4257 potuit,
2418 4197 2480 4240 ut
2513 4206 2572 4240 re
2610 4205 2740 4240 vera
2776 4188 2998 4255 quidam
3043 4189 3116 4239 ad
3154 4187 3327 4238 analo-

761 4258 904 4322 giam
944 4258 1195 4308 adverbii
1229 4255 1351 4309 αἰέν
1388 4259 1694 4309 seriberent
1730 4256 1858 4311 εἰέν.
2062 4259 2097 4309 1.
2136 4262 2197 4309 13
2241 4275 2340 4323 pro
2376 4256 2647 4322 ἐπαῖγδην
2685 4273 2792 4308 non
2829 4273 3057 4308 neeesse
3095 4261 3184 4308 est
3217 4270 3328 4306 cum

762 4325 1024 4375 Schmidt.
1062 4325 1133 4375 ad
1169 4326 1437 4390 Hesyeh.,
1474 4327 1569 4377 ubi
1604 4328 1803 4377 vitiose
1842 4325 2117 4391 ἐπαΐχθην
2154 4327 2418 4392 seriptum
2455 4332 2566 4387 est,
2614 4341 2815 4391 ponere
2854 4322 3176 4389 ἐπιλίγδην,
3213 4339 3328 4374 nam

762 4395 826 4443 E.
875 4395 947 4444 Μ.
993 4396 1121 4455 494,
1166 4396 1233 4444 49
1278 4394 1473 4444 tradit:
1522 4394 1828 4460 καταΐγδην
1875 4394 1990 4447 ἀπὸ
2047 4397 2150 4446 τοῦ
2204 4395 2480 4446 καταΐςςω
2526 4392 2836 4460 «ἐπέτρεχε
2887 4392 3092 4458 κύματι
3146 4389 3325 4455 λάβρῳ

762 4461 1296 4527 προπροκαταΐγδην
1332 4460 1524 4526 κοίλης
1560 4461 1741 4515 ἁλός»
1768 4463 1969 4529 (Apoll.
1997 4463 2172 4514 Rhod.
2199 4464 2420 4526 11594),
2456 4462 2606 4513 idem
2640 4468 2806 4529 poeta
2842 4462 3012 4513 habet
3045 4459 3247 4524 ἀῐγδην
3279 4457 3331 4510 11

760 4531 876 4580 827.
946 4528 1123 4595 χύδην
1167 4557 1233 4566 —-
1276 4528 1577 4595 διαρρήδην
1622 4536 1978 4582 accesserunt
2021 4547 2087 4581 ex
2137 4532 2385 4597 Theogn.
2427 4533 2549 4593 161,
2599 4535 2680 4583 19.
2731 4557 2797 4567 --
2850 4530 2884 4580 l.
2923 4531 2986 4582 15
3030 4529 3235 4594 πρῴην
3277 4532 3331 4575 et

763 4595 946 4661 μάτην
980 4605 1038 4649 et
1082 4599 1116 4649 l.
1157 4600 1219 4648 16
1266 4598 1503 4664 ἑκοντήν
1539 4601 1770 4665 praebet
1814 4600 2091 4664 Theogn.,
2141 4616 2208 4649 ex
2256 4599 2445 4651 eodem
2491 4598 2641 4664 ἠμήν
2686 4597 2846 4663 (ἡμῖν
2880 4597 2949 4649 τὸ
2985 4595 3180 4661 ὅρκιον
3215 4595 3249 4643 i.
3280 4608 3325 4642 e.

762 4664 913 4730 ἠμήν
947 4665 1017 4717 τὸ
1054 4665 1333 4731 ὁρκικὸν),
1373 4666 1517 4732 quod
1553 4667 1772 4733 explevi
1809 4684 1876 4718 ex
1911 4666 1975 4717 Il.
2011 4668 2100 4720 Pr.
2139 4667 2181 4719 Α
2218 4671 2315 4718 477
2353 4668 2424 4718 cf.
2458 4669 2564 4719 An.
2600 4669 2726 4718 Par.
2763 4668 2848 4717 111
2883 4669 3001 4728 302,
3037 4668 3124 4716 20.
3181 4662 3249 4713 τὸ
3271 4658 3328 4712 δέ

762 4731 930 4798 ἐχρῆν
965 4750 1137 4799 usque
1175 4734 1246 4784 ad
1282 4735 1441 4785 finem
1478 4735 1748 4786 debentur
1784 4737 2169 4801 TheognostO,
2217 4737 2310 4802 qui
2345 4736 2526 4786 addit:
2575 4733 2828 4799 καθάπερ
2873 4733 3043 4798 φηςίν
3089 4731 3124 4783 ό
3158 4743 3330 4793 τεχνι·

761 4798 860 4851 κὸς
895 4800 958 4852 ἐν
992 4805 1063 4868 τῇ
1100 4801 1361 4854 καθόλου.
1430 4804 1513 4854 De
1545 4804 1825 4856 adverbiis
1861 4805 1918 4854 in
1953 4808 2024 4868 ῆν
2061 4804 2132 4858 cf.
2172 4803 2350 4869 Apoll.
2388 4804 2455 4854 de
2492 4802 2618 4854 adv.
2652 4805 2748 4852 611
2789 4808 2847 4852 et
2880 4804 2996 4864 612,
3035 4801 3140 4865 Ep.
3178 4799 3268 4849 Cr.
3304 4797 3329 4846 1

762 4870 879 4932 361,
916 4872 974 4933 5,
1012 4872 1075 4921 E.
1110 4873 1182 4924 M.
1223 4872 1346 4935 781,
1383 4873 1467 4923 23.
1671 4872 1707 4927 l.
1748 4875 1811 4923 21
1850 4873 1993 4923 hune
2028 4888 2294 4924 canonem
2336 4873 2519 4938 recepi
2555 4888 2623 4923 ex
2661 4871 2905 4937 Theogn.
2943 4871 3065 4932 161,
3105 4871 3198 4931 32,
3236 4881 3329 4933 pro
