<?xml version="1.0" encoding="UTF-8"?>
<!DOCTYPE html PUBLIC "-//W3C//DTD XHTML 1.0 Transitional//EN"
    "http://www.w3.org/TR/xhtml1/DTD/xhtml1-transitional.dtd">
<html xmlns="http://www.w3.org/1999/xhtml" xml:lang="en" lang="en">
 <head>
  <title>
</title>
<meta http-equiv="Content-Type" content="text/html;charset=utf-8" />
  <meta name='ocr-system' content='tesseract 3.04.00' />
  <meta name='ocr-capabilities' content='ocr_page ocr_carea ocr_par ocr_line ocrx_word'/>
</head>
<body>
  <div class='ocr_page' id='page_1' title='image "./grammaticigraec02unkngoog_0804.png"; bbox 0 0 3664 5546; ppageno 0'>
   <div class='ocr_carea' id='block_1_1' title="bbox 641 383 2495 456">
    <p class='ocr_par' dir='ltr' id='par_1_1' title="bbox 641 383 2495 456">
     <span class='ocr_line' id='line_1_1' title="bbox 641 383 2495 456; baseline -0.001 -15"><span class='ocrx_word' id='word_1_1' title='bbox 641 385 767 450; x_wconf 82' lang='lat'>558</span> <span class='ocrx_word' id='word_1_2' title='bbox 1460 384 1542 440; x_wconf 87' lang='grc' dir='ltr'>ΕΚ</span> <span class='ocrx_word' id='word_1_3' title='bbox 1579 385 1727 439; x_wconf 85' lang='grc' dir='ltr'>ΤΟΥ</span> <span class='ocrx_word' id='word_1_4' title='bbox 1761 385 2039 441; x_wconf 88' lang='grc' dir='ltr'>ΒΙΒΛΙΟΥ</span> <span class='ocrx_word' id='word_1_5' title='bbox 2076 387 2222 440; x_wconf 90' lang='grc' dir='ltr'>ΤΟΥ</span> <span class='ocrx_word' id='word_1_6' title='bbox 2260 383 2417 441; x_wconf 87' lang='grc' dir='ltr'>ΠΕΡΙ</span> <span class='ocrx_word' id='word_1_7' title='bbox 2484 445 2495 456; x_wconf 44' lang='lat'><strong>·</strong></span> 
     </span>
    </p>
   </div>
   <div class='ocr_carea' id='block_1_2' title="bbox 534 554 3223 2760">
    <p class='ocr_par' dir='ltr' id='par_1_2' title="bbox 544 554 3216 1547">
     <span class='ocr_line' id='line_1_2' title="bbox 643 554 3205 640; baseline 0.002 -22"><span class='ocrx_word' id='word_1_8' title='bbox 643 555 706 619; x_wconf 86' lang='grc' dir='ltr'>οἱ</span> <span class='ocrx_word' id='word_1_9' title='bbox 750 555 1224 634; x_wconf 79' lang='grc' dir='ltr'>ἐπευχόμενος»</span> <span class='ocrx_word' id='word_1_10' title='bbox 1283 555 1382 637; x_wconf 91' lang='grc' dir='ltr'>(Π</span> <span class='ocrx_word' id='word_1_11' title='bbox 1420 554 1522 638; x_wconf 87' lang='lat'>6),</span> <span class='ocrx_word' id='word_1_12' title='bbox 1581 556 1612 618; x_wconf 86' lang='grc' dir='ltr'>ἕ</span> <span class='ocrx_word' id='word_1_13' title='bbox 1671 557 1809 619; x_wconf 78' lang='grc' dir='ltr'>«καί</span> <span class='ocrx_word' id='word_1_14' title='bbox 1866 556 1896 620; x_wconf 89' lang='grc' dir='ltr'>ἑ</span> <span class='ocrx_word' id='word_1_15' title='bbox 1953 558 2107 633; x_wconf 85' lang='grc' dir='ltr'>κακὴ</span> <span class='ocrx_word' id='word_1_16' title='bbox 2166 556 2591 635; x_wconf 84' lang='grc' dir='ltr'>βούβρωςτις»</span> <span class='ocrx_word' id='word_1_17' title='bbox 2642 555 2725 637; x_wconf 80' lang='grc' dir='ltr'>(Ω</span> <span class='ocrx_word' id='word_1_18' title='bbox 2767 554 2953 640; x_wconf 82' lang='grc'>532),</span> <span class='ocrx_word' id='word_1_19' title='bbox 3010 558 3205 635; x_wconf 84' lang='grc' dir='ltr'>ςφέων</span> 
     </span>
     <span class='ocr_line' id='line_1_3' title="bbox 644 654 3208 740; baseline 0.001 -22"><span class='ocrx_word' id='word_1_20' title='bbox 644 662 775 739; x_wconf 84' lang='grc' dir='ltr'>«τῷ</span> <span class='ocrx_word' id='word_1_21' title='bbox 822 676 1039 734; x_wconf 89' lang='grc' dir='ltr'>ςφεων</span> <span class='ocrx_word' id='word_1_22' title='bbox 1084 656 1320 720; x_wconf 89' lang='grc' dir='ltr'>πολέες</span> <span class='ocrx_word' id='word_1_23' title='bbox 1361 657 1560 721; x_wconf 87' lang='grc' dir='ltr'>κακὸν</span> <span class='ocrx_word' id='word_1_24' title='bbox 1606 655 1790 721; x_wconf 85' lang='grc' dir='ltr'>οἶτον</span> <span class='ocrx_word' id='word_1_25' title='bbox 1835 658 2155 722; x_wconf 82' lang='grc' dir='ltr'>ἐπέςπον»</span> <span class='ocrx_word' id='word_1_26' title='bbox 2205 657 2273 739; x_wconf 88' lang='grc' dir='ltr'>(γ</span> <span class='ocrx_word' id='word_1_27' title='bbox 2308 654 2489 740; x_wconf 84' lang='grc'>134),</span> <span class='ocrx_word' id='word_1_28' title='bbox 2536 656 2741 735; x_wconf 90' lang='grc' dir='ltr'>ςφίςιν</span> <span class='ocrx_word' id='word_1_29' title='bbox 2787 655 2957 721; x_wconf 80' lang='grc' dir='ltr'>«ἀπό</span> <span class='ocrx_word' id='word_1_30' title='bbox 2985 658 3053 721; x_wconf 90' lang='grc' dir='ltr'>τέ</span> <span class='ocrx_word' id='word_1_31' title='bbox 3083 679 3208 737; x_wconf 88' lang='grc' dir='ltr'>ςφι-</span> 
     </span>
     <span class='ocr_line' id='line_1_4' title="bbox 640 756 3209 843; baseline 0.001 -23"><span class='ocrx_word' id='word_1_32' title='bbox 640 776 738 820; x_wconf 90' lang='grc' dir='ltr'>ςιν</span> <span class='ocrx_word' id='word_1_33' title='bbox 793 756 999 822; x_wconf 88' lang='grc' dir='ltr'>ὕπνος</span> <span class='ocrx_word' id='word_1_34' title='bbox 1054 756 1347 821; x_wconf 85' lang='grc' dir='ltr'>ὄλωλεν»</span> <span class='ocrx_word' id='word_1_35' title='bbox 1409 757 1488 838; x_wconf 90' lang='grc' dir='ltr'>(Κ</span> <span class='ocrx_word' id='word_1_36' title='bbox 1538 756 1718 840; x_wconf 91' lang='grc'>186),</span> <span class='ocrx_word' id='word_1_37' title='bbox 1779 759 1978 838; x_wconf 90' lang='grc' dir='ltr'>ςφέας</span> <span class='ocrx_word' id='word_1_38' title='bbox 2047 758 2188 821; x_wconf 84' lang='grc' dir='ltr'>«καί</span> <span class='ocrx_word' id='word_1_39' title='bbox 2253 778 2452 838; x_wconf 89' lang='grc' dir='ltr'>ςφεας</span> <span class='ocrx_word' id='word_1_40' title='bbox 2506 758 2850 835; x_wconf 82' lang='grc' dir='ltr'>φωνήςας»</span> <span class='ocrx_word' id='word_1_41' title='bbox 2917 757 3008 840; x_wconf 77' lang='grc' dir='ltr'>(Δ</span> <span class='ocrx_word' id='word_1_42' title='bbox 3050 758 3209 843; x_wconf 88' lang='grc'>284).</span> 
     </span>
     <span class='ocr_line' id='line_1_5' title="bbox 639 843 3208 940; baseline 0 -19"><span class='ocrx_word' id='word_1_43' title='bbox 639 864 773 922; x_wconf 91' lang='grc' dir='ltr'>τῶν</span> <span class='ocrx_word' id='word_1_44' title='bbox 819 861 890 920; x_wconf 80' lang='grc' dir='ltr'>δὲ</span> <span class='ocrx_word' id='word_1_45' title='bbox 934 857 1545 940; x_wconf 82' lang='grc' dir='ltr'>ὀρθοτονουμένων,</span> <span class='ocrx_word' id='word_1_46' title='bbox 1602 858 1674 922; x_wconf 77' lang='grc' dir='ltr'>ἕο</span> <span class='ocrx_word' id='word_1_47' title='bbox 1736 860 2119 939; x_wconf 72' lang='grc' dir='ltr'>«Δηΐφοβος</span> <span class='ocrx_word' id='word_1_48' title='bbox 2179 861 2251 923; x_wconf 81' lang='grc' dir='ltr'>δὲ</span> <span class='ocrx_word' id='word_1_49' title='bbox 2290 894 2380 906; x_wconf 91' lang='lat'>—-</span> <span class='ocrx_word' id='word_1_50' title='bbox 2421 843 2652 922; x_wconf 84' lang='grc' dir='ltr'>άςπίδα</span> <span class='ocrx_word' id='word_1_51' title='bbox 2706 857 3000 937; x_wconf 89' lang='grc' dir='ltr'>ταυρείην</span> <span class='ocrx_word' id='word_1_52' title='bbox 3050 860 3208 937; x_wconf 83' lang='grc' dir='ltr'>ςχέθ’</span> 
     </span>
     <span class='ocr_line' id='line_1_6' title="bbox 580 956 3213 1042; baseline 0.002 -22"><span class='ocrx_word' id='word_1_53' title='bbox 580 971 612 1020; x_wconf 81' lang='lat'>5</span> <span class='ocrx_word' id='word_1_54' title='bbox 643 958 775 1023; x_wconf 85' lang='grc' dir='ltr'>ἀπὸ</span> <span class='ocrx_word' id='word_1_55' title='bbox 822 959 968 1041; x_wconf 80' lang='grc' dir='ltr'>ἕο»,</span> <span class='ocrx_word' id='word_1_56' title='bbox 1014 956 1086 1021; x_wconf 90' lang='grc' dir='ltr'>εὗ</span> <span class='ocrx_word' id='word_1_57' title='bbox 1134 958 1400 1037; x_wconf 82' lang='grc' dir='ltr'>«φρίξας</span> <span class='ocrx_word' id='word_1_58' title='bbox 1445 959 1510 1022; x_wconf 82' lang='grc' dir='ltr'>δ’</span> <span class='ocrx_word' id='word_1_59' title='bbox 1555 957 1627 1022; x_wconf 87' lang='grc' dir='ltr'>εὗ</span> <span class='ocrx_word' id='word_1_60' title='bbox 1659 961 1937 1041; x_wconf 83' lang='grc' dir='ltr'>λοφιήν»</span> <span class='ocrx_word' id='word_1_61' title='bbox 1987 958 2143 1042; x_wconf 90' lang='lat' dir='ltr'><strong>(Od.</strong></span> <span class='ocrx_word' id='word_1_62' title='bbox 2175 981 2211 1024; x_wconf 88' lang='grc' dir='ltr'>τ</span> <span class='ocrx_word' id='word_1_63' title='bbox 2239 959 2428 1042; x_wconf 88' lang='grc'>446),</span> <span class='ocrx_word' id='word_1_64' title='bbox 2474 959 2621 1023; x_wconf 82' lang='grc' dir='ltr'>ἕθεν</span> <span class='ocrx_word' id='word_1_65' title='bbox 2660 959 2946 1025; x_wconf 82' lang='grc' dir='ltr'>«Αἰνείας</span> <span class='ocrx_word' id='word_1_66' title='bbox 2976 961 3040 1025; x_wconf 83' lang='grc' dir='ltr'>δ’</span> <span class='ocrx_word' id='word_1_67' title='bbox 3070 960 3213 1041; x_wconf 83' lang='grc' dir='ltr'>ἐάλη</span> 
     </span>
     <span class='ocr_line' id='line_1_7' title="bbox 640 1053 3213 1145; baseline 0.001 -21"><span class='ocrx_word' id='word_1_68' title='bbox 640 1060 744 1124; x_wconf 88' lang='grc' dir='ltr'>καὶ</span> <span class='ocrx_word' id='word_1_69' title='bbox 781 1058 913 1123; x_wconf 85' lang='grc' dir='ltr'>ἀπὸ</span> <span class='ocrx_word' id='word_1_70' title='bbox 959 1059 1101 1124; x_wconf 83' lang='grc' dir='ltr'>ἕθεν</span> <span class='ocrx_word' id='word_1_71' title='bbox 1146 1058 1361 1123; x_wconf 80' lang='grc' dir='ltr'>ἀςπίδ’</span> <span class='ocrx_word' id='word_1_72' title='bbox 1406 1057 1711 1139; x_wconf 79' lang='grc' dir='ltr'>ἀνέςχεν»</span> <span class='ocrx_word' id='word_1_73' title='bbox 1763 1061 1836 1143; x_wconf 88' lang='grc' dir='ltr'>(Ε</span> <span class='ocrx_word' id='word_1_74' title='bbox 1877 1061 2064 1145; x_wconf 91' lang='grc'>278),</span> <span class='ocrx_word' id='word_1_75' title='bbox 2112 1060 2177 1127; x_wconf 84' lang='grc' dir='ltr'>οἷ</span> <span class='ocrx_word' id='word_1_76' title='bbox 2222 1061 2403 1125; x_wconf 77' lang='grc' dir='ltr'>«ἐπεὶ</span> <span class='ocrx_word' id='word_1_77' title='bbox 2446 1060 2525 1125; x_wconf 86' lang='grc' dir='ltr'>οὔ</span> <span class='ocrx_word' id='word_1_78' title='bbox 2575 1062 2716 1125; x_wconf 88' lang='grc' dir='ltr'>τινά</span> <span class='ocrx_word' id='word_1_79' title='bbox 2760 1053 2949 1142; x_wconf 87' lang='grc' dir='ltr'>φηςιν</span> <span class='ocrx_word' id='word_1_80' title='bbox 2994 1062 3213 1140; x_wconf 84' lang='grc' dir='ltr'>ὁμοῖον</span> 
     </span>
     <span class='ocr_line' id='line_1_8' title="bbox 638 1159 3213 1249; baseline 0 -24"><span class='ocrx_word' id='word_1_81' title='bbox 638 1197 723 1249; x_wconf 45' lang='grc' dir='ltr'>ε-</span> <span class='ocrx_word' id='word_1_82' title='bbox 755 1159 820 1225; x_wconf 69' lang='lat' dir='ltr'>ot</span> <span class='ocrx_word' id='word_1_83' title='bbox 849 1160 1108 1240; x_wconf 83' lang='grc' dir='ltr'>ἔμμεναι</span> <span class='ocrx_word' id='word_1_84' title='bbox 1132 1161 1463 1225; x_wconf 60' lang='grc' dir='ltr'>Δαναῶν»</span> <span class='ocrx_word' id='word_1_85' title='bbox 1499 1161 1546 1242; x_wconf 92' lang='grc' dir='ltr'>(Ι</span> <span class='ocrx_word' id='word_1_86' title='bbox 1578 1160 1767 1244; x_wconf 83' lang='grc'>305),</span> <span class='ocrx_word' id='word_1_87' title='bbox 1799 1161 1829 1224; x_wconf 85' lang='grc' dir='ltr'>ἕ</span> <span class='ocrx_word' id='word_1_88' title='bbox 1864 1161 2136 1228; x_wconf 81' lang='grc' dir='ltr'>«κάλεόν</span> <span class='ocrx_word' id='word_1_89' title='bbox 2178 1162 2245 1226; x_wconf 86' lang='grc' dir='ltr'>τέ</span> <span class='ocrx_word' id='word_1_90' title='bbox 2275 1182 2380 1240; x_wconf 89' lang='grc' dir='ltr'>μιν</span> <span class='ocrx_word' id='word_1_91' title='bbox 2411 1161 2501 1226; x_wconf 85' lang='grc' dir='ltr'>εἰς</span> <span class='ocrx_word' id='word_1_92' title='bbox 2529 1162 2561 1224; x_wconf 87' lang='grc' dir='ltr'>ἓ</span> <span class='ocrx_word' id='word_1_93' title='bbox 2595 1162 2894 1227; x_wconf 79' lang='grc' dir='ltr'>ἕκαςτος»</span> <span class='ocrx_word' id='word_1_94' title='bbox 2930 1161 3018 1244; x_wconf 89' lang='grc' dir='ltr'>(Ψ</span> <span class='ocrx_word' id='word_1_95' title='bbox 3048 1161 3213 1246; x_wconf 80' lang='grc'>203),</span> 
     </span>
     <span class='ocr_line' id='line_1_9' title="bbox 643 1262 3216 1346; baseline 0 -19"><span class='ocrx_word' id='word_1_96' title='bbox 643 1268 827 1342; x_wconf 88' lang='grc' dir='ltr'>ςφῶν</span> <span class='ocrx_word' id='word_1_97' title='bbox 878 1267 1102 1342; x_wconf 82' lang='grc' dir='ltr'>«ςφῶν</span> <span class='ocrx_word' id='word_1_98' title='bbox 1155 1263 1220 1326; x_wconf 81' lang='grc' dir='ltr'>τ’</span> <span class='ocrx_word' id='word_1_99' title='bbox 1253 1262 1489 1326; x_wconf 39' lang='grc' dir='ltr'>καὐτῶν</span> <span class='ocrx_word' id='word_1_100' title='bbox 1537 1263 1640 1325; x_wconf 89' lang='grc' dir='ltr'>καὶ</span> <span class='ocrx_word' id='word_1_101' title='bbox 1689 1263 1986 1327; x_wconf 90' lang='grc' dir='ltr'>κλιςιάων</span> <span class='ocrx_word' id='word_1_102' title='bbox 2038 1263 2135 1346; x_wconf 93' lang='grc' dir='ltr'>(Μ</span> <span class='ocrx_word' id='word_1_103' title='bbox 2184 1262 2365 1345; x_wconf 88' lang='lat'>155),</span> <span class='ocrx_word' id='word_1_104' title='bbox 2425 1262 2589 1343; x_wconf 89' lang='grc' dir='ltr'>ςφίςι</span> <span class='ocrx_word' id='word_1_105' title='bbox 2653 1264 2794 1326; x_wconf 82' lang='grc' dir='ltr'>«καὶ</span> <span class='ocrx_word' id='word_1_106' title='bbox 2850 1264 2933 1326; x_wconf 88' lang='grc' dir='ltr'>τὰ</span> <span class='ocrx_word' id='word_1_107' title='bbox 2987 1265 3100 1342; x_wconf 77' lang='grc' dir='ltr'>μὲν</span> <span class='ocrx_word' id='word_1_108' title='bbox 3147 1263 3216 1328; x_wconf 81' lang='grc' dir='ltr'>εὖ</span> 
     </span>
     <span class='ocr_line' id='line_1_10' title="bbox 640 1361 3215 1458; baseline 0 -29"><span class='ocrx_word' id='word_1_109' title='bbox 640 1365 915 1430; x_wconf 91' lang='grc' dir='ltr'>δάςαντο</span> <span class='ocrx_word' id='word_1_110' title='bbox 959 1365 1115 1443; x_wconf 86' lang='grc' dir='ltr'>μετὰ</span> <span class='ocrx_word' id='word_1_111' title='bbox 1161 1364 1365 1443; x_wconf 81' lang='grc' dir='ltr'>ςφίςι»</span> <span class='ocrx_word' id='word_1_112' title='bbox 1414 1363 1493 1445; x_wconf 91' lang='grc' dir='ltr'>(Α</span> <span class='ocrx_word' id='word_1_113' title='bbox 1522 1361 1709 1446; x_wconf 86' lang='grc'>368),</span> <span class='ocrx_word' id='word_1_114' title='bbox 1763 1365 1960 1444; x_wconf 88' lang='grc' dir='ltr'>ςφέας</span> <span class='ocrx_word' id='word_1_115' title='bbox 2007 1363 2402 1443; x_wconf 80' lang='grc' dir='ltr'>«ἐρχόμενον</span> <span class='ocrx_word' id='word_1_116' title='bbox 2437 1365 2595 1427; x_wconf 85' lang='grc' dir='ltr'>κατὰ</span> <span class='ocrx_word' id='word_1_117' title='bbox 2637 1363 2790 1428; x_wconf 88' lang='grc' dir='ltr'>ἄςτυ</span> <span class='ocrx_word' id='word_1_118' title='bbox 2836 1366 2940 1458; x_wconf 85' lang='grc' dir='ltr'>διὰ</span> <span class='ocrx_word' id='word_1_119' title='bbox 2987 1366 3215 1445; x_wconf 75' lang='grc' dir='ltr'>ςφέας»</span> 
     </span>
     <span class='ocr_line' id='line_1_11' title="bbox 544 1464 887 1547; baseline 0.009 -22"><span class='ocrx_word' id='word_1_120' title='bbox 544 1475 607 1526; x_wconf 90' lang='grc'>10</span> <span class='ocrx_word' id='word_1_121' title='bbox 644 1467 711 1547; x_wconf 95' lang='grc' dir='ltr'>(η</span> <span class='ocrx_word' id='word_1_122' title='bbox 753 1464 887 1546; x_wconf 88' lang='grc'>40).</span> 
     </span>
    </p>

    <p class='ocr_par' dir='ltr' id='par_1_3' title="bbox 629 1566 3219 1953">
     <span class='ocr_line' id='line_1_12' title="bbox 804 1566 3216 1645; baseline 0 -14"><span class='ocrx_word' id='word_1_123' title='bbox 804 1566 878 1631; x_wconf 81' lang='grc' dir='ltr'>Αἱ</span> <span class='ocrx_word' id='word_1_124' title='bbox 924 1568 1130 1631; x_wconf 83' lang='grc' dir='ltr'>δυῖκαὶ</span> <span class='ocrx_word' id='word_1_125' title='bbox 1171 1570 1289 1630; x_wconf 85' lang='grc' dir='ltr'>τοῦ</span> <span class='ocrx_word' id='word_1_126' title='bbox 1334 1566 1805 1644; x_wconf 76' lang='grc' dir='ltr'>πρωτοτύπτου</span> <span class='ocrx_word' id='word_1_127' title='bbox 1850 1571 1967 1630; x_wconf 84' lang='grc' dir='ltr'>τοῦ</span> <span class='ocrx_word' id='word_1_128' title='bbox 2012 1567 2071 1630; x_wconf 82' lang='grc' dir='ltr'>α’</span> <span class='ocrx_word' id='word_1_129' title='bbox 2115 1568 2219 1630; x_wconf 81' lang='grc' dir='ltr'>καὶ</span> <span class='ocrx_word' id='word_1_130' title='bbox 2264 1566 2317 1645; x_wconf 92' lang='grc' dir='ltr'>β’</span> <span class='ocrx_word' id='word_1_131' title='bbox 2362 1567 2715 1644; x_wconf 81' lang='grc' dir='ltr'>προςώπου</span> <span class='ocrx_word' id='word_1_132' title='bbox 2759 1566 3080 1632; x_wconf 88' lang='grc' dir='ltr'>οὐδέποτε</span> <span class='ocrx_word' id='word_1_133' title='bbox 3123 1569 3216 1644; x_wconf 79' lang='grc' dir='ltr'>ἐγ-</span> 
     </span>
     <span class='ocr_line' id='line_1_13' title="bbox 636 1668 3219 1750; baseline -0.001 -17"><span class='ocrx_word' id='word_1_134' title='bbox 636 1668 958 1733; x_wconf 87' lang='grc' dir='ltr'>κλίνονται</span> <span class='ocrx_word' id='word_1_135' title='bbox 1005 1669 1109 1730; x_wconf 88' lang='grc' dir='ltr'>διὰ</span> <span class='ocrx_word' id='word_1_136' title='bbox 1153 1670 1270 1747; x_wconf 86' lang='grc' dir='ltr'>τὴν</span> <span class='ocrx_word' id='word_1_137' title='bbox 1317 1670 1578 1747; x_wconf 86' lang='grc' dir='ltr'>βαρεῖαν</span> <span class='ocrx_word' id='word_1_138' title='bbox 1621 1669 1830 1750; x_wconf 90' lang='grc' dir='ltr'>τάςιν,</span> <span class='ocrx_word' id='word_1_139' title='bbox 1876 1675 2070 1750; x_wconf 82' lang='grc' dir='ltr'>νῶϊν,</span> <span class='ocrx_word' id='word_1_140' title='bbox 2115 1674 2340 1747; x_wconf 85' lang='grc' dir='ltr'>ςφῶϊν.</span> <span class='ocrx_word' id='word_1_141' title='bbox 2386 1673 2946 1746; x_wconf 89' lang='grc' dir='ltr'>προπεριςπῶνται</span> <span class='ocrx_word' id='word_1_142' title='bbox 2977 1670 3115 1747; x_wconf 90' lang='grc' dir='ltr'>γάρ.</span> <span class='ocrx_word' id='word_1_143' title='bbox 3160 1670 3219 1732; x_wconf 80' lang='grc' dir='ltr'>αἱ</span> 
     </span>
     <span class='ocr_line' id='line_1_14' title="bbox 629 1760 3218 1864; baseline -0 -31"><span class='ocrx_word' id='word_1_144' title='bbox 629 1760 710 1833; x_wconf 63' lang='grc' dir='ltr'>’δὲ</span> <span class='ocrx_word' id='word_1_145' title='bbox 750 1773 868 1833; x_wconf 86' lang='grc' dir='ltr'>τοῦ</span> <span class='ocrx_word' id='word_1_146' title='bbox 911 1769 1127 1848; x_wconf 86' lang='grc' dir='ltr'>τρίτου</span> <span class='ocrx_word' id='word_1_147' title='bbox 1171 1767 1550 1847; x_wconf 82' lang='grc' dir='ltr'>ὀξυνόμεναι</span> <span class='ocrx_word' id='word_1_148' title='bbox 1595 1768 1994 1864; x_wconf 31' lang='grc' dir='ltr'>ἐιγκλίνονται</span> <span class='ocrx_word' id='word_1_149' title='bbox 2041 1770 2172 1833; x_wconf 84' lang='grc' dir='ltr'>«τίς</span> <span class='ocrx_word' id='word_1_150' title='bbox 2213 1770 2331 1847; x_wconf 92' lang='grc' dir='ltr'>τάρ</span> <span class='ocrx_word' id='word_1_151' title='bbox 2377 1789 2551 1848; x_wconf 89' lang='grc' dir='ltr'>ςφωε</span> <span class='ocrx_word' id='word_1_152' title='bbox 2596 1772 2808 1833; x_wconf 77' lang='grc' dir='ltr'>θεῶν»</span> <span class='ocrx_word' id='word_1_153' title='bbox 2858 1767 2938 1850; x_wconf 92' lang='grc' dir='ltr'>(Α</span> <span class='ocrx_word' id='word_1_154' title='bbox 2970 1768 3042 1853; x_wconf 94' lang='grc'>8)</span> <span class='ocrx_word' id='word_1_155' title='bbox 3088 1771 3218 1834; x_wconf 79' lang='grc' dir='ltr'>«καί</span> 
     </span>
     <span class='ocr_line' id='line_1_15' title="bbox 637 1868 3219 1953; baseline 0 -18"><span class='ocrx_word' id='word_1_156' title='bbox 637 1879 842 1951; x_wconf 84' lang='grc' dir='ltr'>ςφωϊν</span> <span class='ocrx_word' id='word_1_157' title='bbox 888 1872 1002 1935; x_wconf 90' lang='grc' dir='ltr'>δὸς</span> <span class='ocrx_word' id='word_1_158' title='bbox 1047 1869 1268 1945; x_wconf 83' lang='grc' dir='ltr'>ἄγειν»</span> <span class='ocrx_word' id='word_1_159' title='bbox 1317 1869 1395 1950; x_wconf 88' lang='grc' dir='ltr'>(Α</span> <span class='ocrx_word' id='word_1_160' title='bbox 1436 1868 1608 1953; x_wconf 86' lang='grc'>338).</span> <span class='ocrx_word' id='word_1_161' title='bbox 1674 1870 1785 1934; x_wconf 83' lang='grc' dir='ltr'>Καὶ</span> <span class='ocrx_word' id='word_1_162' title='bbox 1829 1871 1908 1934; x_wconf 88' lang='grc' dir='ltr'>τά</span> <span class='ocrx_word' id='word_1_163' title='bbox 1952 1871 2347 1948; x_wconf 88' lang='grc' dir='ltr'>πληθυντικά</span> <span class='ocrx_word' id='word_1_164' title='bbox 2390 1873 2509 1935; x_wconf 86' lang='grc' dir='ltr'>τοῦ</span> <span class='ocrx_word' id='word_1_165' title='bbox 2553 1890 2620 1934; x_wconf 88' lang='grc' dir='ltr'>τε</span> <span class='ocrx_word' id='word_1_166' title='bbox 2664 1872 2929 1948; x_wconf 86' lang='grc' dir='ltr'>πρώτου</span> <span class='ocrx_word' id='word_1_167' title='bbox 2975 1872 3219 1949; x_wconf 85' lang='grc' dir='ltr'>προςώ-</span> 
     </span>
    </p>

    <p class='ocr_par' dir='ltr' id='par_1_4' title="bbox 540 1970 3221 2458">
     <span class='ocr_line' id='line_1_16' title="bbox 540 1970 3221 2053; baseline 0.002 -23"><span class='ocrx_word' id='word_1_168' title='bbox 540 1980 601 2031; x_wconf 86' lang='grc'>15</span> <span class='ocrx_word' id='word_1_169' title='bbox 636 1991 766 2035; x_wconf 91' lang='grc' dir='ltr'>που</span> <span class='ocrx_word' id='word_1_170' title='bbox 811 1973 914 2035; x_wconf 82' lang='grc' dir='ltr'>καὶ</span> <span class='ocrx_word' id='word_1_171' title='bbox 958 1971 1295 2053; x_wconf 80' lang='grc' dir='ltr'>δευτέρου,</span> <span class='ocrx_word' id='word_1_172' title='bbox 1350 1970 1532 2049; x_wconf 83' lang='grc' dir='ltr'>ἡμῶν</span> <span class='ocrx_word' id='word_1_173' title='bbox 1590 1972 1766 2049; x_wconf 84' lang='grc' dir='ltr'>ὑμῶν</span> <span class='ocrx_word' id='word_1_174' title='bbox 1821 1971 1971 2050; x_wconf 86' lang='grc' dir='ltr'>ἡμῖν</span> <span class='ocrx_word' id='word_1_175' title='bbox 2028 1972 2175 2050; x_wconf 85' lang='grc' dir='ltr'>ὑμῖν</span> <span class='ocrx_word' id='word_1_176' title='bbox 2220 1971 2380 2050; x_wconf 86' lang='grc' dir='ltr'>ἡμᾶς</span> <span class='ocrx_word' id='word_1_177' title='bbox 2437 1971 2598 2050; x_wconf 83' lang='grc' dir='ltr'>ὑμᾶς</span> <span class='ocrx_word' id='word_1_178' title='bbox 2648 1972 3072 2049; x_wconf 79' lang='grc' dir='ltr'>τετράχρονοι</span> <span class='ocrx_word' id='word_1_179' title='bbox 3117 1972 3221 2036; x_wconf 84' lang='grc' dir='ltr'>οὖ-</span> 
     </span>
     <span class='ocr_line' id='line_1_17' title="bbox 640 2070 3219 2156; baseline 0 -19"><span class='ocrx_word' id='word_1_180' title='bbox 640 2093 767 2156; x_wconf 91' lang='grc' dir='ltr'>ςαι,</span> <span class='ocrx_word' id='word_1_181' title='bbox 822 2070 1083 2139; x_wconf 86' lang='grc' dir='ltr'>ἐπειδὰν</span> <span class='ocrx_word' id='word_1_182' title='bbox 1140 2071 1581 2155; x_wconf 86' lang='grc' dir='ltr'>ἐγκλίνωνται,</span> <span class='ocrx_word' id='word_1_183' title='bbox 1635 2073 1752 2150; x_wconf 85' lang='grc' dir='ltr'>τὴν</span> <span class='ocrx_word' id='word_1_184' title='bbox 1809 2073 2075 2151; x_wconf 86' lang='grc' dir='ltr'>πρώτην</span> <span class='ocrx_word' id='word_1_185' title='bbox 2133 2074 2450 2152; x_wconf 87' lang='grc' dir='ltr'>ςυλλαβὴν</span> <span class='ocrx_word' id='word_1_186' title='bbox 2516 2070 2852 2139; x_wconf 88' lang='grc' dir='ltr'>ὀξύνουςιν</span> <span class='ocrx_word' id='word_1_187' title='bbox 2912 2073 3219 2150; x_wconf 82' lang='grc' dir='ltr'>«ἤκουςεν</span> 
     </span>
     <span class='ocr_line' id='line_1_18' title="bbox 637 2168 3219 2256; baseline 0 -18"><span class='ocrx_word' id='word_1_188' title='bbox 637 2174 849 2256; x_wconf 85' lang='grc' dir='ltr'>ἥμων,</span> <span class='ocrx_word' id='word_1_189' title='bbox 903 2174 1155 2239; x_wconf 80' lang='grc' dir='ltr'>ἔδωκεν.</span> <span class='ocrx_word' id='word_1_190' title='bbox 1201 2174 1348 2252; x_wconf 83' lang='grc' dir='ltr'>ἥμιν</span> <span class='ocrx_word' id='word_1_191' title='bbox 1392 2174 1495 2237; x_wconf 84' lang='grc' dir='ltr'>καὶ</span> <span class='ocrx_word' id='word_1_192' title='bbox 1538 2173 1643 2237; x_wconf 80' lang='grc' dir='ltr'>ἐπὶ</span> <span class='ocrx_word' id='word_1_193' title='bbox 1685 2168 1818 2238; x_wconf 88' lang='grc' dir='ltr'>τῶν</span> <span class='ocrx_word' id='word_1_194' title='bbox 1867 2176 2115 2239; x_wconf 89' lang='grc' dir='ltr'>λοιπῶν</span> <span class='ocrx_word' id='word_1_195' title='bbox 2167 2174 2391 2238; x_wconf 83' lang='grc' dir='ltr'>οὕτως.</span> <span class='ocrx_word' id='word_1_196' title='bbox 2480 2173 2803 2238; x_wconf 84' lang='grc' dir='ltr'>ἀδύνατον</span> <span class='ocrx_word' id='word_1_197' title='bbox 2864 2174 2986 2253; x_wconf 86' lang='grc' dir='ltr'>γὰρ</span> <span class='ocrx_word' id='word_1_198' title='bbox 3037 2175 3219 2252; x_wconf 84' lang='grc' dir='ltr'>ὑπερ-</span> 
     </span>
     <span class='ocr_line' id='line_1_19' title="bbox 638 2274 3220 2366; baseline 0 -28"><span class='ocrx_word' id='word_1_199' title='bbox 638 2278 821 2355; x_wconf 88' lang='grc' dir='ltr'>βῆναι</span> <span class='ocrx_word' id='word_1_200' title='bbox 865 2275 1020 2340; x_wconf 87' lang='grc' dir='ltr'>τοὺς</span> <span class='ocrx_word' id='word_1_201' title='bbox 1062 2276 1360 2353; x_wconf 83' lang='grc' dir='ltr'>τέςςαρας</span> <span class='ocrx_word' id='word_1_202' title='bbox 1404 2274 1681 2351; x_wconf 88' lang='grc' dir='ltr'>χρόνους</span> <span class='ocrx_word' id='word_1_203' title='bbox 1724 2276 1841 2353; x_wconf 85' lang='grc' dir='ltr'>τὴν</span> <span class='ocrx_word' id='word_1_204' title='bbox 1889 2274 2118 2341; x_wconf 82' lang='grc' dir='ltr'>ὀξεῖαν.</span> <span class='ocrx_word' id='word_1_205' title='bbox 2198 2277 2302 2340; x_wconf 85' lang='grc' dir='ltr'>καὶ</span> <span class='ocrx_word' id='word_1_206' title='bbox 2344 2274 2407 2338; x_wconf 87' lang='grc' dir='ltr'>αἱ</span> <span class='ocrx_word' id='word_1_207' title='bbox 2450 2279 2569 2338; x_wconf 82' lang='grc' dir='ltr'>τοῦ</span> <span class='ocrx_word' id='word_1_208' title='bbox 2611 2275 2828 2366; x_wconf 79' lang='grc' dir='ltr'>τρίτου</span> <span class='ocrx_word' id='word_1_209' title='bbox 2873 2277 3220 2354; x_wconf 85' lang='grc' dir='ltr'>προςώπου</span> 
     </span>
     <span class='ocr_line' id='line_1_20' title="bbox 636 2376 3220 2458; baseline 0 -19"><span class='ocrx_word' id='word_1_210' title='bbox 636 2378 1051 2455; x_wconf 81' lang='grc' dir='ltr'>πληθυντικαὶ</span> <span class='ocrx_word' id='word_1_211' title='bbox 1078 2376 1546 2455; x_wconf 86' lang='grc' dir='ltr'>περιςπώμεναι</span> <span class='ocrx_word' id='word_1_212' title='bbox 1578 2378 1681 2440; x_wconf 85' lang='grc' dir='ltr'>καὶ</span> <span class='ocrx_word' id='word_1_213' title='bbox 1708 2377 2087 2456; x_wconf 82' lang='grc' dir='ltr'>ὀξυνόμεναι</span> <span class='ocrx_word' id='word_1_214' title='bbox 2117 2377 2534 2458; x_wconf 86' lang='grc' dir='ltr'>ἐγκλίνονται,</span> <span class='ocrx_word' id='word_1_215' title='bbox 2567 2377 2666 2439; x_wconf 85' lang='grc' dir='ltr'>καί</span> <span class='ocrx_word' id='word_1_216' title='bbox 2698 2395 2901 2458; x_wconf 89' lang='grc' dir='ltr'>ςφων,</span> <span class='ocrx_word' id='word_1_217' title='bbox 2924 2378 3031 2440; x_wconf 89' lang='grc' dir='ltr'>καί</span> <span class='ocrx_word' id='word_1_218' title='bbox 3056 2398 3220 2458; x_wconf 89' lang='grc' dir='ltr'>ςφιν,</span> 
     </span>
    </p>

    <p class='ocr_par' dir='ltr' id='par_1_5' title="bbox 534 2473 3223 2760">
     <span class='ocr_line' id='line_1_21' title="bbox 534 2473 3216 2560; baseline 0 -19"><span class='ocrx_word' id='word_1_219' title='bbox 534 2493 603 2542; x_wconf 83' lang='lat'>20</span> <span class='ocrx_word' id='word_1_220' title='bbox 636 2478 734 2542; x_wconf 90' lang='grc' dir='ltr'>καί</span> <span class='ocrx_word' id='word_1_221' title='bbox 781 2489 974 2559; x_wconf 84' lang='grc' dir='ltr'>ςφας,</span> <span class='ocrx_word' id='word_1_222' title='bbox 1017 2478 1120 2542; x_wconf 88' lang='grc' dir='ltr'>καί</span> <span class='ocrx_word' id='word_1_223' title='bbox 1164 2497 1411 2560; x_wconf 90' lang='grc' dir='ltr'>ςφεων,</span> <span class='ocrx_word' id='word_1_224' title='bbox 1457 2478 1556 2540; x_wconf 87' lang='grc' dir='ltr'>καί</span> <span class='ocrx_word' id='word_1_225' title='bbox 1587 2497 1752 2557; x_wconf 90' lang='grc' dir='ltr'>ςφιςι</span> <span class='ocrx_word' id='word_1_226' title='bbox 1766 2527 1810 2559; x_wconf 46' lang='grc'>,,</span> <span class='ocrx_word' id='word_1_227' title='bbox 1831 2479 1932 2542; x_wconf 89' lang='grc' dir='ltr'>καί</span> <span class='ocrx_word' id='word_1_228' title='bbox 1963 2499 2175 2558; x_wconf 90' lang='grc' dir='ltr'>ςφεας.</span> <span class='ocrx_word' id='word_1_229' title='bbox 2243 2479 2346 2542; x_wconf 89' lang='grc' dir='ltr'>καὶ</span> <span class='ocrx_word' id='word_1_230' title='bbox 2376 2478 2650 2553; x_wconf 87' lang='grc' dir='ltr'>εὔλογόν</span> <span class='ocrx_word' id='word_1_231' title='bbox 2680 2497 2752 2552; x_wconf 88' lang='grc' dir='ltr'>γε</span> <span class='ocrx_word' id='word_1_232' title='bbox 2787 2476 2961 2556; x_wconf 78' lang='grc' dir='ltr'>οἶμαι</span> <span class='ocrx_word' id='word_1_233' title='bbox 3011 2473 3216 2554; x_wconf 76' lang='grc' dir='ltr'>λέγειν</span> 
     </span>
     <span class='ocr_line' id='line_1_22' title="bbox 637 2566 3220 2662; baseline -0.001 -19"><span class='ocrx_word' id='word_1_234' title='bbox 637 2579 734 2643; x_wconf 85' lang='grc' dir='ltr'>ὅτι</span> <span class='ocrx_word' id='word_1_235' title='bbox 779 2579 936 2658; x_wconf 87' lang='grc' dir='ltr'>μετὰ</span> <span class='ocrx_word' id='word_1_236' title='bbox 964 2580 1080 2656; x_wconf 87' lang='grc' dir='ltr'>τὴν</span> <span class='ocrx_word' id='word_1_237' title='bbox 1110 2566 1382 2655; x_wconf 80' lang='grc' dir='ltr'>ἕγκλιςιν</span> <span class='ocrx_word' id='word_1_238' title='bbox 1425 2578 1501 2642; x_wconf 89' lang='grc' dir='ltr'>τὸ</span> <span class='ocrx_word' id='word_1_239' title='bbox 1547 2578 1753 2643; x_wconf 89' lang='grc' dir='ltr'>πάθος</span> <span class='ocrx_word' id='word_1_240' title='bbox 1798 2578 2344 2662; x_wconf 85' lang='grc' dir='ltr'>ἐπηκολούθηςεν,</span> <span class='ocrx_word' id='word_1_241' title='bbox 2385 2580 2495 2644; x_wconf 84' lang='grc' dir='ltr'>ἵνα</span> <span class='ocrx_word' id='word_1_242' title='bbox 2538 2580 2620 2657; x_wconf 87' lang='grc' dir='ltr'>μὴ</span> <span class='ocrx_word' id='word_1_243' title='bbox 2653 2579 2996 2658; x_wconf 86' lang='grc' dir='ltr'>βαρύτονοι</span> <span class='ocrx_word' id='word_1_244' title='bbox 3046 2578 3220 2643; x_wconf 84' lang='grc' dir='ltr'>οὖςαι</span> 
     </span>
     <span class='ocr_line' id='line_1_23' title="bbox 636 2679 3223 2760; baseline 0.001 -18"><span class='ocrx_word' id='word_1_245' title='bbox 636 2679 1064 2755; x_wconf 81' lang='grc' dir='ltr'>ἐγκλίνωνται.</span> <span class='ocrx_word' id='word_1_246' title='bbox 1150 2684 1284 2744; x_wconf 90' lang='grc' dir='ltr'>τῶν</span> <span class='ocrx_word' id='word_1_247' title='bbox 1339 2680 1754 2757; x_wconf 87' lang='grc' dir='ltr'>καλουμένων</span> <span class='ocrx_word' id='word_1_248' title='bbox 1822 2682 2355 2760; x_wconf 84' lang='grc' dir='ltr'>μονοπροςώπων</span> <span class='ocrx_word' id='word_1_249' title='bbox 2424 2679 2587 2760; x_wconf 91' lang='grc' dir='ltr'>μόνη</span> <span class='ocrx_word' id='word_1_250' title='bbox 2652 2680 2690 2757; x_wconf 90' lang='grc' dir='ltr'>ἡ</span> <span class='ocrx_word' id='word_1_251' title='bbox 2746 2679 3052 2758; x_wconf 82' lang='grc' dir='ltr'>αἰτιατική</span> <span class='ocrx_word' id='word_1_252' title='bbox 3117 2683 3223 2757; x_wconf 89' lang='grc' dir='ltr'>τῆς</span> 
     </span>
    </p>
   </div>
   <div class='ocr_carea' id='block_1_3' title="bbox 644 2802 1046 2811">
    <p class='ocr_par' dir='ltr' id='par_1_6' title="bbox 644 2802 1046 2811">
     <span class='ocr_line' id='line_1_24' title="bbox 644 2802 1046 2811; baseline 0 2735"><span class='ocrx_word' id='word_1_253' title='bbox 644 2802 1046 2811; x_wconf 95' lang='lat' dir='ltr'> </span> 
     </span>
    </p>
   </div>
   <div class='ocr_carea' id='block_1_4' title="bbox 632 2865 3257 4893">
    <p class='ocr_par' dir='ltr' id='par_1_7' title="bbox 632 2865 3257 4893">
     <span class='ocr_line' id='line_1_25' title="bbox 638 2865 3219 2934; baseline -0.002 -15"><span class='ocrx_word' id='word_1_254' title='bbox 638 2867 814 2934; x_wconf 82' lang='grc' dir='ltr'>αὐτῷ.</span> <span class='ocrx_word' id='word_1_255' title='bbox 885 2868 1042 2930; x_wconf 87' lang='grc' dir='ltr'>ὅμως</span> <span class='ocrx_word' id='word_1_256' title='bbox 1077 2866 1139 2918; x_wconf 83' lang='grc' dir='ltr'>δὲ</span> <span class='ocrx_word' id='word_1_257' title='bbox 1174 2865 1605 2931; x_wconf 83' lang='grc' dir='ltr'>ὀρθοτονητέον.</span> <span class='ocrx_word' id='word_1_258' title='bbox 1675 2867 1858 2932; x_wconf 87' lang='lat' dir='ltr'><strong>Apoll.</strong></span> <span class='ocrx_word' id='word_1_259' title='bbox 1897 2882 2048 2932; x_wconf 86' lang='lat' dir='ltr'>pron.</span> <span class='ocrx_word' id='word_1_260' title='bbox 2085 2870 2151 2917; x_wconf 83' lang='lat'>54</span> <span class='ocrx_word' id='word_1_261' title='bbox 2187 2867 2348 2917; x_wconf 82' lang='lat' dir='ltr'><strong>Lehr.</strong></span> <span class='ocrx_word' id='word_1_262' title='bbox 2387 2882 2476 2932; x_wconf 90' lang='lat' dir='ltr'>qu.</span> <span class='ocrx_word' id='word_1_263' title='bbox 2513 2882 2597 2931; x_wconf 77' lang='lat' dir='ltr'>ep.</span> <span class='ocrx_word' id='word_1_264' title='bbox 2636 2868 2748 2918; x_wconf 85' lang='lat'>118.</span> <span class='ocrx_word' id='word_1_265' title='bbox 2776 2894 2842 2901; x_wconf 91' lang='lat'>—-</span> <span class='ocrx_word' id='word_1_266' title='bbox 2877 2865 2928 2918; x_wconf 95' lang='grc' dir='ltr'>Δ</span> <span class='ocrx_word' id='word_1_267' title='bbox 2952 2869 3055 2918; x_wconf 71' lang='lat'>531</span> <span class='ocrx_word' id='word_1_268' title='bbox 3091 2865 3147 2918; x_wconf 75' lang='grc' dir='ltr'>οἵ</span> <span class='ocrx_word' id='word_1_269' title='bbox 3170 2866 3219 2917; x_wconf 61' lang='lat' dir='ltr'>k:</span> 
     </span>
     <span class='ocr_line' id='line_1_26' title="bbox 636 2930 3222 2998; baseline -0.002 -11"><span class='ocrx_word' id='word_1_270' title='bbox 636 2936 963 2997; x_wconf 81' lang='grc' dir='ltr'>ἑγκλιτικῶς</span> <span class='ocrx_word' id='word_1_271' title='bbox 999 2934 1420 2998; x_wconf 84' lang='grc' dir='ltr'>ἀναγνωςτέον,</span> <span class='ocrx_word' id='word_1_272' title='bbox 1457 2932 1552 2984; x_wconf 81' lang='grc' dir='ltr'>ἵνα</span> <span class='ocrx_word' id='word_1_273' title='bbox 1590 2930 1668 2985; x_wconf 86' lang='grc' dir='ltr'>εἰς</span> <span class='ocrx_word' id='word_1_274' title='bbox 1704 2933 1896 2998; x_wconf 85' lang='grc' dir='ltr'>ἁπλῆν</span> <span class='ocrx_word' id='word_1_275' title='bbox 1932 2932 2294 2997; x_wconf 86' lang='grc' dir='ltr'>ἀντωνυμίαν</span> <span class='ocrx_word' id='word_1_276' title='bbox 2331 2933 2366 2995; x_wconf 87' lang='grc' dir='ltr'><strong>ή</strong></span> <span class='ocrx_word' id='word_1_277' title='bbox 2406 2934 2714 2998; x_wconf 85' lang='grc' dir='ltr'>μετάληψις</span> <span class='ocrx_word' id='word_1_278' title='bbox 2751 2933 2999 2998; x_wconf 88' lang='grc' dir='ltr'>γένηται.</span> <span class='ocrx_word' id='word_1_279' title='bbox 3068 2934 3108 2986; x_wconf 91' lang='grc' dir='ltr'>Β</span> <span class='ocrx_word' id='word_1_280' title='bbox 3148 2938 3222 2984; x_wconf 90' lang='grc'>11.</span> 
     </span>
     <span class='ocr_line' id='line_1_27' title="bbox 637 3000 3220 3066; baseline -0.001 -13"><span class='ocrx_word' id='word_1_281' title='bbox 637 3004 822 3056; x_wconf 83' lang='lat' dir='ltr'><strong>Schol.</strong></span> <span class='ocrx_word' id='word_1_282' title='bbox 859 3004 965 3054; x_wconf 88' lang='lat' dir='ltr'>Od.</span> <span class='ocrx_word' id='word_1_283' title='bbox 1004 3002 1035 3054; x_wconf 89' lang='grc' dir='ltr'>δ</span> <span class='ocrx_word' id='word_1_284' title='bbox 1071 3006 1188 3053; x_wconf 80' lang='grc'>627.</span> <span class='ocrx_word' id='word_1_285' title='bbox 1226 3029 1291 3039; x_wconf 89' lang='grc'><strong>-</strong></span> <span class='ocrx_word' id='word_1_286' title='bbox 1335 3001 1387 3052; x_wconf 93' lang='grc' dir='ltr'>Δ</span> <span class='ocrx_word' id='word_1_287' title='bbox 1421 3005 1548 3052; x_wconf 80' lang='lat'>49⁷:</span> <span class='ocrx_word' id='word_1_288' title='bbox 1594 3001 1736 3065; x_wconf 74' lang='grc' dir='ltr'>ἀμφὶ</span> <span class='ocrx_word' id='word_1_289' title='bbox 1783 3000 1836 3052; x_wconf 69' lang='grc' dir='ltr'>ἔς</span> <span class='ocrx_word' id='word_1_290' title='bbox 1884 3001 2188 3053; x_wconf 83' lang='grc' dir='ltr'>δαςυντέον</span> <span class='ocrx_word' id='word_1_291' title='bbox 2229 3002 2299 3053; x_wconf 87' lang='grc' dir='ltr'>τὸ</span> <span class='ocrx_word' id='word_1_292' title='bbox 2346 3005 2378 3053; x_wconf 77' lang='grc' dir='ltr'>ἒ</span> <span class='ocrx_word' id='word_1_293' title='bbox 2422 3001 2513 3053; x_wconf 77' lang='grc' dir='ltr'>καὶ</span> <span class='ocrx_word' id='word_1_294' title='bbox 2557 3000 2988 3066; x_wconf 83' lang='grc' dir='ltr'>ὀρθοτονητέον.</span> <span class='ocrx_word' id='word_1_295' title='bbox 3062 3015 3220 3065; x_wconf 87' lang='grc' dir='ltr'>μετα-</span> 
     </span>
     <span class='ocr_line' id='line_1_28' title="bbox 637 3067 3219 3134; baseline -0 -12"><span class='ocrx_word' id='word_1_296' title='bbox 637 3069 975 3133; x_wconf 87' lang='grc' dir='ltr'>λαμβάνεται</span> <span class='ocrx_word' id='word_1_297' title='bbox 1021 3070 1128 3134; x_wconf 87' lang='grc' dir='ltr'>γὰρ</span> <span class='ocrx_word' id='word_1_298' title='bbox 1173 3067 1252 3119; x_wconf 81' lang='grc' dir='ltr'>είς</span> <span class='ocrx_word' id='word_1_299' title='bbox 1300 3067 1584 3119; x_wconf 87' lang='grc' dir='ltr'>ςύνθετον.</span> <span class='ocrx_word' id='word_1_300' title='bbox 1657 3067 1702 3120; x_wconf 93' lang='grc' dir='ltr'>Ο</span> <span class='ocrx_word' id='word_1_301' title='bbox 1740 3072 1868 3118; x_wconf 80' lang='lat'>241:</span> <span class='ocrx_word' id='word_1_302' title='bbox 1916 3068 2050 3120; x_wconf 84' lang='grc' dir='ltr'>κατ’</span> <span class='ocrx_word' id='word_1_303' title='bbox 2093 3070 2269 3134; x_wconf 82' lang='grc' dir='ltr'>ὀρθὸν</span> <span class='ocrx_word' id='word_1_304' title='bbox 2312 3069 2486 3120; x_wconf 86' lang='grc' dir='ltr'>τόνον</span> <span class='ocrx_word' id='word_1_305' title='bbox 2530 3067 2928 3130; x_wconf 69' lang='grc' dir='ltr'>ἀναγνωστέον</span> <span class='ocrx_word' id='word_1_306' title='bbox 2973 3068 3158 3134; x_wconf 78' lang='grc' dir='ltr'>«ἀμφὶ</span> <span class='ocrx_word' id='word_1_307' title='bbox 3192 3068 3219 3121; x_wconf 82' lang='grc' dir='ltr'>ἓ</span> 
     </span>
     <span class='ocr_line' id='line_1_29' title="bbox 635 3134 3222 3202; baseline -0 -14"><span class='ocrx_word' id='word_1_308' title='bbox 635 3142 999 3201; x_wconf 76' lang='grc' dir='ltr'>γινωςκων»,</span> <span class='ocrx_word' id='word_1_309' title='bbox 1037 3136 1149 3188; x_wconf 85' lang='grc' dir='ltr'>ἐςτι</span> <span class='ocrx_word' id='word_1_310' title='bbox 1184 3136 1291 3200; x_wconf 86' lang='grc' dir='ltr'>γὰρ</span> <span class='ocrx_word' id='word_1_311' title='bbox 1329 3134 1407 3186; x_wconf 82' lang='grc' dir='ltr'>είς</span> <span class='ocrx_word' id='word_1_312' title='bbox 1447 3135 1714 3201; x_wconf 82' lang='grc' dir='ltr'>ἑκάτερον</span> <span class='ocrx_word' id='word_1_313' title='bbox 1752 3135 1957 3187; x_wconf 80' lang='grc' dir='ltr'>ἑαυτοῦ</span> <span class='ocrx_word' id='word_1_314' title='bbox 1997 3136 2162 3202; x_wconf 85' lang='grc' dir='ltr'>μέρος</span> <span class='ocrx_word' id='word_1_315' title='bbox 2199 3140 2441 3188; x_wconf 87' lang='grc' dir='ltr'>ςκοπῶν.</span> <span class='ocrx_word' id='word_1_316' title='bbox 2479 3166 2544 3171; x_wconf 91' lang='lat'><em>-</em></span> <span class='ocrx_word' id='word_1_317' title='bbox 2579 3138 2644 3187; x_wconf 89' lang='lat'>11.</span> <span class='ocrx_word' id='word_1_318' title='bbox 2684 3139 2773 3187; x_wconf 88' lang='lat' dir='ltr'>Pr.</span> <span class='ocrx_word' id='word_1_319' title='bbox 2809 3137 2861 3188; x_wconf 89' lang='grc' dir='ltr'><strong>Δ</strong></span> <span class='ocrx_word' id='word_1_320' title='bbox 2896 3140 2928 3187; x_wconf 88' lang='grc'>2</span> <span class='ocrx_word' id='word_1_321' title='bbox 2977 3136 3120 3199; x_wconf 83' lang='grc' dir='ltr'>μετὰ</span> <span class='ocrx_word' id='word_1_322' title='bbox 3163 3136 3222 3187; x_wconf 76' lang='grc' dir='ltr'>δὲ</span> 
     </span>
     <span class='ocr_line' id='line_1_30' title="bbox 637 3202 3224 3269; baseline -0.001 -11"><span class='ocrx_word' id='word_1_323' title='bbox 637 3220 808 3269; x_wconf 77' lang='grc' dir='ltr'>ςφιςιε</span> <span class='ocrx_word' id='word_1_324' title='bbox 856 3206 926 3257; x_wconf 91' lang='grc' dir='ltr'>τὸ</span> <span class='ocrx_word' id='word_1_325' title='bbox 963 3219 1107 3269; x_wconf 87' lang='grc' dir='ltr'>ςφιςι</span> <span class='ocrx_word' id='word_1_326' title='bbox 1144 3204 1278 3255; x_wconf 82' lang='grc' dir='ltr'>κατ’</span> <span class='ocrx_word' id='word_1_327' title='bbox 1313 3202 1552 3265; x_wconf 81' lang='grc' dir='ltr'>ἔγκλιςιν</span> <span class='ocrx_word' id='word_1_328' title='bbox 1589 3203 1987 3267; x_wconf 86' lang='grc' dir='ltr'>άναγνωςτέον</span> <span class='ocrx_word' id='word_1_329' title='bbox 2022 3208 2155 3268; x_wconf 81' lang='grc' dir='ltr'>νῦν,</span> <span class='ocrx_word' id='word_1_330' title='bbox 2191 3203 2286 3255; x_wconf 79' lang='grc' dir='ltr'>ἵνα</span> <span class='ocrx_word' id='word_1_331' title='bbox 2323 3203 2399 3255; x_wconf 84' lang='grc' dir='ltr'>εἰς</span> <span class='ocrx_word' id='word_1_332' title='bbox 2436 3204 2624 3269; x_wconf 81' lang='grc' dir='ltr'>ἁπλῆν</span> <span class='ocrx_word' id='word_1_333' title='bbox 2661 3202 3026 3267; x_wconf 84' lang='grc' dir='ltr'>ἀντωνυμίαν</span> <span class='ocrx_word' id='word_1_334' title='bbox 3062 3204 3098 3266; x_wconf 81' lang='grc' dir='ltr'><strong>ἡ</strong></span> <span class='ocrx_word' id='word_1_335' title='bbox 3137 3218 3224 3267; x_wconf 79' lang='grc' dir='ltr'>με·</span> 
     </span>
     <span class='ocr_line' id='line_1_31' title="bbox 633 3270 3223 3337; baseline -0 -13"><span class='ocrx_word' id='word_1_336' title='bbox 633 3272 875 3336; x_wconf 86' lang='grc' dir='ltr'>τάληψις</span> <span class='ocrx_word' id='word_1_337' title='bbox 910 3272 1155 3337; x_wconf 87' lang='grc' dir='ltr'>γένηται.</span> <span class='ocrx_word' id='word_1_338' title='bbox 1224 3273 1403 3321; x_wconf 84' lang='grc' dir='ltr'>τοῦτο</span> <span class='ocrx_word' id='word_1_339' title='bbox 1445 3271 1506 3322; x_wconf 80' lang='grc' dir='ltr'>δὲ</span> <span class='ocrx_word' id='word_1_340' title='bbox 1551 3270 1620 3322; x_wconf 87' lang='grc' dir='ltr'>τὸ</span> <span class='ocrx_word' id='word_1_341' title='bbox 1667 3272 2045 3337; x_wconf 85' lang='grc' dir='ltr'>παρατήρημα</span> <span class='ocrx_word' id='word_1_342' title='bbox 2089 3272 2149 3323; x_wconf 64' lang='grc' dir='ltr'>οἵ</span> <span class='ocrx_word' id='word_1_343' title='bbox 2186 3270 2292 3323; x_wconf 81' lang='grc' dir='ltr'>ἀπ’</span> <span class='ocrx_word' id='word_1_344' title='bbox 2339 3271 2697 3337; x_wconf 82' lang='grc' dir='ltr'>Ἀριςτάρχου</span> <span class='ocrx_word' id='word_1_345' title='bbox 2743 3270 3223 3336; x_wconf 85' lang='grc' dir='ltr'>παραγγείλαντες</span> 
     </span>
     <span class='ocr_line' id='line_1_32' title="bbox 636 3336 3257 3405; baseline 0 -15"><span class='ocrx_word' id='word_1_346' title='bbox 636 3341 864 3405; x_wconf 84' lang='grc' dir='ltr'>διηνεκῆ</span> <span class='ocrx_word' id='word_1_347' title='bbox 899 3340 1009 3404; x_wconf 88' lang='grc' dir='ltr'>τὴν</span> <span class='ocrx_word' id='word_1_348' title='bbox 1044 3338 1361 3402; x_wconf 85' lang='grc' dir='ltr'>ἀνάγνωςιν</span> <span class='ocrx_word' id='word_1_349' title='bbox 1395 3337 1501 3390; x_wconf 84' lang='grc' dir='ltr'>οὐκ</span> <span class='ocrx_word' id='word_1_350' title='bbox 1538 3337 1839 3403; x_wconf 84' lang='grc' dir='ltr'>ἐφύλαξαν.</span> <span class='ocrx_word' id='word_1_351' title='bbox 1910 3339 2113 3405; x_wconf 81' lang='grc' dir='ltr'>ἀληθὲς</span> <span class='ocrx_word' id='word_1_352' title='bbox 2142 3339 2255 3405; x_wconf 66' lang='grc' dir='ltr'>1γάρ</span> <span class='ocrx_word' id='word_1_353' title='bbox 2291 3339 2464 3403; x_wconf 80' lang='grc' dir='ltr'>ἐςτιν,</span> <span class='ocrx_word' id='word_1_354' title='bbox 2512 3340 2599 3390; x_wconf 90' lang='grc' dir='ltr'>ὅτι</span> <span class='ocrx_word' id='word_1_355' title='bbox 2636 3338 2671 3401; x_wconf 85' lang='grc' dir='ltr'>ἡ</span> <span class='ocrx_word' id='word_1_356' title='bbox 2721 3336 2903 3403; x_wconf 85' lang='grc' dir='ltr'>ςφίςιν</span> <span class='ocrx_word' id='word_1_357' title='bbox 2937 3338 3257 3402; x_wconf 78' lang='grc' dir='ltr'>ἑγκλιτική’</span> 
     </span>
     <span class='ocr_line' id='line_1_33' title="bbox 636 3405 3223 3471; baseline -0.001 -11"><span class='ocrx_word' id='word_1_358' title='bbox 636 3406 773 3460; x_wconf 84' lang='grc' dir='ltr'>οὗςα</span> <span class='ocrx_word' id='word_1_359' title='bbox 809 3406 887 3460; x_wconf 86' lang='grc' dir='ltr'>εἰς</span> <span class='ocrx_word' id='word_1_360' title='bbox 923 3407 1115 3471; x_wconf 83' lang='grc' dir='ltr'>ἁπλῆν</span> <span class='ocrx_word' id='word_1_361' title='bbox 1151 3405 1663 3469; x_wconf 85' lang='grc' dir='ltr'>μεταλαμβάνεται,</span> <span class='ocrx_word' id='word_1_362' title='bbox 1701 3407 1891 3471; x_wconf 82' lang='grc' dir='ltr'>ὥςπερ</span> <span class='ocrx_word' id='word_1_363' title='bbox 1927 3407 2019 3458; x_wconf 78' lang='grc' dir='ltr'>καὶ</span> <span class='ocrx_word' id='word_1_364' title='bbox 2053 3406 2146 3458; x_wconf 80' lang='grc' dir='ltr'>ἐπὶ</span> <span class='ocrx_word' id='word_1_365' title='bbox 2169 3410 2275 3463; x_wconf 80' lang='grc' dir='ltr'>τοῦ</span> <span class='ocrx_word' id='word_1_366' title='bbox 2312 3408 2437 3458; x_wconf 74' lang='grc' dir='ltr'>«ἔτι</span> <span class='ocrx_word' id='word_1_367' title='bbox 2472 3405 2579 3470; x_wconf 91' lang='grc' dir='ltr'>γάρ</span> <span class='ocrx_word' id='word_1_368' title='bbox 2615 3420 2760 3470; x_wconf 84' lang='grc' dir='ltr'>ςφιςι</span> <span class='ocrx_word' id='word_1_369' title='bbox 2794 3407 2962 3458; x_wconf 81' lang='grc' dir='ltr'>κῦδος</span> <span class='ocrx_word' id='word_1_370' title='bbox 2999 3406 3223 3471; x_wconf 71' lang='grc' dir='ltr'>ὀρέξω»</span> 
     </span>
     <span class='ocr_line' id='line_1_34' title="bbox 635 3472 3223 3594; baseline -0.001 -66"><span class='ocrx_word' id='word_1_371' title='bbox 635 3476 729 3542; x_wconf 86' lang='grc' dir='ltr'>(ΙΙ.</span> <span class='ocrx_word' id='word_1_372' title='bbox 769 3476 807 3528; x_wconf 92' lang='grc' dir='ltr'>Ρ</span> <span class='ocrx_word' id='word_1_373' title='bbox 842 3474 985 3594; x_wconf 62' lang='grc'>453).</span> <span class='ocrx_word' id='word_1_374' title='bbox 1058 3474 1126 3525; x_wconf 84' lang='grc' dir='ltr'>οὐ</span> <span class='ocrx_word' id='word_1_375' title='bbox 1166 3475 1277 3538; x_wconf 86' lang='grc' dir='ltr'>μὴν</span> <span class='ocrx_word' id='word_1_376' title='bbox 1313 3473 1770 3538; x_wconf 85' lang='grc' dir='ltr'>ὁρθοτονουμὲνη</span> <span class='ocrx_word' id='word_1_377' title='bbox 1816 3473 2049 3526; x_wconf 87' lang='grc' dir='ltr'>πάντως</span> <span class='ocrx_word' id='word_1_378' title='bbox 2096 3473 2173 3526; x_wconf 82' lang='grc' dir='ltr'>εἰς</span> <span class='ocrx_word' id='word_1_379' title='bbox 2219 3473 2512 3526; x_wconf 84' lang='grc' dir='ltr'>ςὺνθετον·</span> <span class='ocrx_word' id='word_1_380' title='bbox 2560 3474 2673 3525; x_wconf 80' lang='grc' dir='ltr'>ἐςτι</span> <span class='ocrx_word' id='word_1_381' title='bbox 2716 3473 2824 3538; x_wconf 84' lang='grc' dir='ltr'>γὰρ</span> <span class='ocrx_word' id='word_1_382' title='bbox 2868 3474 2967 3525; x_wconf 83' lang='grc' dir='ltr'>ὅτε</span> <span class='ocrx_word' id='word_1_383' title='bbox 3016 3476 3107 3526; x_wconf 80' lang='grc' dir='ltr'>καὶ</span> <span class='ocrx_word' id='word_1_384' title='bbox 3145 3472 3223 3525; x_wconf 81' lang='grc' dir='ltr'>εἰς</span> 
     </span>
     <span class='ocr_line' id='line_1_35' title="bbox 634 3539 3223 3608; baseline -0.001 -14"><span class='ocrx_word' id='word_1_385' title='bbox 634 3544 841 3608; x_wconf 84' lang='grc' dir='ltr'>ἁπλῆν.</span> <span class='ocrx_word' id='word_1_386' title='bbox 911 3557 937 3594; x_wconf 93' lang='grc' dir='ltr'>ε</span> <span class='ocrx_word' id='word_1_387' title='bbox 962 3557 990 3593; x_wconf 95' lang='grc' dir='ltr'>ς</span> <span class='ocrx_word' id='word_1_388' title='bbox 1035 3541 1138 3605; x_wconf 80' lang='grc' dir='ltr'>μὲν</span> <span class='ocrx_word' id='word_1_389' title='bbox 1181 3542 1285 3593; x_wconf 81' lang='grc' dir='ltr'>οὖν</span> <span class='ocrx_word' id='word_1_390' title='bbox 1328 3540 1598 3593; x_wconf 82' lang='grc' dir='ltr'>ςύνθετον</span> <span class='ocrx_word' id='word_1_391' title='bbox 1642 3541 1828 3593; x_wconf 79' lang='grc' dir='ltr'>οὕτως</span> <span class='ocrx_word' id='word_1_392' title='bbox 1874 3541 1976 3593; x_wconf 78' lang='grc' dir='ltr'>«αἵ</span> <span class='ocrx_word' id='word_1_393' title='bbox 2022 3542 2047 3593; x_wconf 86' lang='grc' dir='ltr'>ἑ</span> <span class='ocrx_word' id='word_1_394' title='bbox 2086 3542 2225 3605; x_wconf 88' lang='grc' dir='ltr'>μετὰ</span> <span class='ocrx_word' id='word_1_395' title='bbox 2262 3539 2441 3605; x_wconf 89' lang='grc' dir='ltr'>ςφίςιν</span> <span class='ocrx_word' id='word_1_396' title='bbox 2488 3540 2687 3604; x_wconf 80' lang='grc' dir='ltr'>εἶχον»</span> <span class='ocrx_word' id='word_1_397' title='bbox 2731 3542 2821 3604; x_wconf 89' lang='grc' dir='ltr'>(ΙΙ.</span> <span class='ocrx_word' id='word_1_398' title='bbox 2862 3540 2903 3593; x_wconf 93' lang='grc' dir='ltr'>Χ</span> <span class='ocrx_word' id='word_1_399' title='bbox 2939 3542 3097 3606; x_wconf 82' lang='grc'>474),</span> <span class='ocrx_word' id='word_1_400' title='bbox 3146 3540 3223 3593; x_wconf 82' lang='grc' dir='ltr'>εἰς</span> 
     </span>
     <span class='ocr_line' id='line_1_36' title="bbox 635 3608 3223 3675; baseline -0.001 -13"><span class='ocrx_word' id='word_1_401' title='bbox 635 3610 825 3675; x_wconf 89' lang='grc' dir='ltr'>ἁπλῆν</span> <span class='ocrx_word' id='word_1_402' title='bbox 861 3610 923 3661; x_wconf 83' lang='grc' dir='ltr'>δε</span> <span class='ocrx_word' id='word_1_403' title='bbox 959 3609 1172 3662; x_wconf 79' lang='grc' dir='ltr'>οὕτως·</span> <span class='ocrx_word' id='word_1_404' title='bbox 1211 3609 1388 3660; x_wconf 76' lang='grc' dir='ltr'>«τοὺς</span> <span class='ocrx_word' id='word_1_405' title='bbox 1424 3608 1637 3672; x_wconf 81' lang='grc' dir='ltr'>ἄναγον</span> <span class='ocrx_word' id='word_1_406' title='bbox 1672 3609 1854 3661; x_wconf 85' lang='grc' dir='ltr'>Ζωοὺς</span> <span class='ocrx_word' id='word_1_407' title='bbox 1891 3608 2072 3673; x_wconf 87' lang='grc' dir='ltr'>ςφίςιν</span> <span class='ocrx_word' id='word_1_408' title='bbox 2107 3608 2466 3674; x_wconf 71' lang='grc' dir='ltr'>ἑργάζεςθαι»</span> <span class='ocrx_word' id='word_1_409' title='bbox 2510 3609 2638 3673; x_wconf 82' lang='lat' dir='ltr'><strong>(od.</strong></span> <span class='ocrx_word' id='word_1_410' title='bbox 2674 3609 2701 3660; x_wconf 78' lang='grc' dir='ltr'>ξ</span> <span class='ocrx_word' id='word_1_411' title='bbox 2738 3608 2889 3673; x_wconf 82' lang='grc'>272),</span> <span class='ocrx_word' id='word_1_412' title='bbox 2935 3609 3129 3674; x_wconf 60' lang='grc' dir='ltr'>«ςφίςι</span> <span class='ocrx_word' id='word_1_413' title='bbox 3164 3609 3223 3659; x_wconf 73' lang='grc' dir='ltr'>δ’</span> 
     </span>
     <span class='ocr_line' id='line_1_37' title="bbox 634 3674 3222 3741; baseline -0 -12"><span class='ocrx_word' id='word_1_414' title='bbox 634 3678 826 3729; x_wconf 84' lang='grc' dir='ltr'>αὐτοῖς</span> <span class='ocrx_word' id='word_1_415' title='bbox 861 3678 1025 3729; x_wconf 83' lang='grc' dir='ltr'>δαῖτα</span> <span class='ocrx_word' id='word_1_416' title='bbox 1062 3677 1364 3728; x_wconf 78' lang='grc' dir='ltr'>πένεςθαι»</span> <span class='ocrx_word' id='word_1_417' title='bbox 1401 3677 1533 3741; x_wconf 86' lang='grc' dir='ltr'>(Οά.</span> <span class='ocrx_word' id='word_1_418' title='bbox 1570 3677 1602 3728; x_wconf 87' lang='grc' dir='ltr'>δ</span> <span class='ocrx_word' id='word_1_419' title='bbox 1636 3676 1782 3741; x_wconf 72' lang='grc'>(583)·</span> <span class='ocrx_word' id='word_1_420' title='bbox 1831 3676 1899 3727; x_wconf 86' lang='grc' dir='ltr'>οὐ</span> <span class='ocrx_word' id='word_1_421' title='bbox 1945 3676 2052 3741; x_wconf 84' lang='grc' dir='ltr'>γὰρ</span> <span class='ocrx_word' id='word_1_422' title='bbox 2095 3676 2162 3740; x_wconf 83' lang='grc' dir='ltr'>δὴ</span> <span class='ocrx_word' id='word_1_423' title='bbox 2211 3677 2301 3728; x_wconf 76' lang='grc' dir='ltr'>καὶ</span> <span class='ocrx_word' id='word_1_424' title='bbox 2337 3676 2392 3727; x_wconf 84' lang='grc' dir='ltr'>οἱ</span> <span class='ocrx_word' id='word_1_425' title='bbox 2439 3674 2783 3740; x_wconf 76' lang='grc' dir='ltr'>αἰχμάλωτοι</span> <span class='ocrx_word' id='word_1_426' title='bbox 2826 3676 3061 3739; x_wconf 78' lang='grc' dir='ltr'>ἄγονται</span> <span class='ocrx_word' id='word_1_427' title='bbox 3099 3677 3222 3728; x_wconf 88' lang='grc' dir='ltr'>ἑαυ-</span> 
     </span>
     <span class='ocr_line' id='line_1_38' title="bbox 632 3742 3223 3810; baseline -0 -14"><span class='ocrx_word' id='word_1_428' title='bbox 632 3749 752 3796; x_wconf 83' lang='grc' dir='ltr'>τοῖς</span> <span class='ocrx_word' id='word_1_429' title='bbox 786 3745 1129 3810; x_wconf 83' lang='grc' dir='ltr'>ἑργάζεςθαι,</span> <span class='ocrx_word' id='word_1_430' title='bbox 1165 3743 1290 3795; x_wconf 84' lang='grc' dir='ltr'>ἀλλ’</span> <span class='ocrx_word' id='word_1_431' title='bbox 1324 3743 1516 3795; x_wconf 83' lang='grc' dir='ltr'>αὐτοῖς</span> <span class='ocrx_word' id='word_1_432' title='bbox 1551 3748 1670 3795; x_wconf 84' lang='grc' dir='ltr'>τοῖς</span> <span class='ocrx_word' id='word_1_433' title='bbox 1706 3745 1956 3806; x_wconf 81' lang='grc' dir='ltr'>ἅγουςιν·</span> <span class='ocrx_word' id='word_1_434' title='bbox 1993 3744 2125 3795; x_wconf 79' lang='grc' dir='ltr'>οὐδὲ</span> <span class='ocrx_word' id='word_1_435' title='bbox 2160 3742 2214 3795; x_wconf 74' lang='lat' dir='ltr'>oi</span> <span class='ocrx_word' id='word_1_436' title='bbox 2250 3747 2560 3809; x_wconf 87' lang='grc' dir='ltr'>μνηςτῆρες</span> <span class='ocrx_word' id='word_1_437' title='bbox 2605 3743 2678 3795; x_wconf 84' lang='grc' dir='ltr'>τὰ</span> <span class='ocrx_word' id='word_1_438' title='bbox 2726 3744 2867 3808; x_wconf 89' lang='grc' dir='ltr'>πρὸς</span> <span class='ocrx_word' id='word_1_439' title='bbox 2912 3745 3023 3809; x_wconf 85' lang='grc' dir='ltr'>τὴν</span> <span class='ocrx_word' id='word_1_440' title='bbox 3060 3744 3223 3795; x_wconf 76' lang='grc' dir='ltr'>δαῖτα</span> 
     </span>
     <span class='ocr_line' id='line_1_39' title="bbox 636 3809 3220 3877; baseline -0.001 -14"><span class='ocrx_word' id='word_1_441' title='bbox 636 3812 857 3864; x_wconf 81' lang='grc' dir='ltr'>ἑαυτοῖς</span> <span class='ocrx_word' id='word_1_442' title='bbox 901 3812 1339 3876; x_wconf 83' lang='grc' dir='ltr'>παρεςκεύαζον,</span> <span class='ocrx_word' id='word_1_443' title='bbox 1387 3811 1570 3877; x_wconf 83' lang='grc' dir='ltr'>ἕτεροι</span> <span class='ocrx_word' id='word_1_444' title='bbox 1614 3811 1674 3863; x_wconf 83' lang='grc' dir='ltr'>δὲ</span> <span class='ocrx_word' id='word_1_445' title='bbox 1717 3811 1927 3863; x_wconf 81' lang='grc' dir='ltr'>αὐτοῖς.</span> <span class='ocrx_word' id='word_1_446' title='bbox 1996 3814 2061 3863; x_wconf 87' lang='grc'>11.</span> <span class='ocrx_word' id='word_1_447' title='bbox 2106 3815 2203 3863; x_wconf 87' lang='lat' dir='ltr'>Pr.</span> <span class='ocrx_word' id='word_1_448' title='bbox 2250 3811 2293 3862; x_wconf 88' lang='grc' dir='ltr'>Α</span> <span class='ocrx_word' id='word_1_449' title='bbox 2337 3816 2463 3864; x_wconf 82' lang='lat'><strong>368:</strong></span> <span class='ocrx_word' id='word_1_450' title='bbox 2509 3809 2782 3863; x_wconf 87' lang='grc' dir='ltr'>δάςςαντο</span> <span class='ocrx_word' id='word_1_451' title='bbox 2827 3811 2967 3875; x_wconf 90' lang='grc' dir='ltr'>μετὰ</span> <span class='ocrx_word' id='word_1_452' title='bbox 3010 3810 3220 3876; x_wconf 64' lang='grc' dir='ltr'>ςφίςιν(</span> 
     </span>
     <span class='ocr_line' id='line_1_40' title="bbox 633 3878 3225 3945; baseline -0.001 -13"><span class='ocrx_word' id='word_1_453' title='bbox 633 3883 739 3932; x_wconf 81' lang='grc' dir='ltr'>τοῦ</span> <span class='ocrx_word' id='word_1_454' title='bbox 794 3879 974 3943; x_wconf 88' lang='grc' dir='ltr'>ςφίςιν</span> <span class='ocrx_word' id='word_1_455' title='bbox 1017 3882 1125 3945; x_wconf 84' lang='grc' dir='ltr'>τὴν</span> <span class='ocrx_word' id='word_1_456' title='bbox 1171 3880 1409 3944; x_wconf 90' lang='grc' dir='ltr'>πρώτην</span> <span class='ocrx_word' id='word_1_457' title='bbox 1455 3878 1858 3944; x_wconf 83' lang='grc' dir='ltr'>ὁξυτονητὲον,</span> <span class='ocrx_word' id='word_1_458' title='bbox 1904 3878 2212 3944; x_wconf 79' lang='grc' dir='ltr'>ἐπειδήπερ</span> <span class='ocrx_word' id='word_1_459' title='bbox 2258 3878 2335 3932; x_wconf 82' lang='grc' dir='ltr'>εἰς</span> <span class='ocrx_word' id='word_1_460' title='bbox 2391 3880 2660 3931; x_wconf 88' lang='grc' dir='ltr'>ςύνθετον</span> <span class='ocrx_word' id='word_1_461' title='bbox 2702 3878 2738 3940; x_wconf 85' lang='grc' dir='ltr'>ἡ</span> <span class='ocrx_word' id='word_1_462' title='bbox 2787 3879 3129 3945; x_wconf 84' lang='grc' dir='ltr'>μετάληψις,</span> <span class='ocrx_word' id='word_1_463' title='bbox 3178 3878 3225 3931; x_wconf 80' lang='grc' dir='ltr'>εἰ</span> 
     </span>
     <span class='ocr_line' id='line_1_41' title="bbox 635 3945 3222 4015; baseline -0.001 -15"><span class='ocrx_word' id='word_1_464' title='bbox 635 3949 727 4000; x_wconf 84' lang='grc' dir='ltr'>καὶ</span> <span class='ocrx_word' id='word_1_465' title='bbox 763 3948 831 4000; x_wconf 85' lang='grc' dir='ltr'>οὐ</span> <span class='ocrx_word' id='word_1_466' title='bbox 867 3948 1127 4015; x_wconf 86' lang='grc' dir='ltr'>διηνεκὴς</span> <span class='ocrx_word' id='word_1_467' title='bbox 1163 3948 1195 3999; x_wconf 83' lang='grc' dir='ltr'>ὁ</span> <span class='ocrx_word' id='word_1_468' title='bbox 1234 3947 1425 4010; x_wconf 79' lang='grc' dir='ltr'>λόγος’</span> <span class='ocrx_word' id='word_1_469' title='bbox 1461 3946 1574 3998; x_wconf 83' lang='grc' dir='ltr'>ἔςτι</span> <span class='ocrx_word' id='word_1_470' title='bbox 1608 3945 1714 4013; x_wconf 88' lang='grc' dir='ltr'>γάρ</span> <span class='ocrx_word' id='word_1_471' title='bbox 1749 3961 1876 3997; x_wconf 90' lang='grc' dir='ltr'>τινα</span> <span class='ocrx_word' id='word_1_472' title='bbox 1914 3946 2345 4011; x_wconf 82' lang='grc' dir='ltr'>ἑναντιούμενα;</span> <span class='ocrx_word' id='word_1_473' title='bbox 2384 3947 2518 3998; x_wconf 90' lang='grc' dir='ltr'>τοὺς</span> <span class='ocrx_word' id='word_1_474' title='bbox 2554 3946 2612 3996; x_wconf 81' lang='grc' dir='ltr'>δ’</span> <span class='ocrx_word' id='word_1_475' title='bbox 2634 3945 2849 4008; x_wconf 78' lang='grc' dir='ltr'>ἄναγον</span> <span class='ocrx_word' id='word_1_476' title='bbox 2882 3947 3065 3999; x_wconf 83' lang='grc' dir='ltr'>Ζωοὺς</span> <span class='ocrx_word' id='word_1_477' title='bbox 3104 3945 3222 4011; x_wconf 87' lang='grc' dir='ltr'>ςφί-</span> 
     </span>
     <span class='ocr_line' id='line_1_42' title="bbox 636 4013 3220 4081; baseline 0 -14"><span class='ocrx_word' id='word_1_478' title='bbox 636 4031 717 4067; x_wconf 91' lang='grc' dir='ltr'>ςιν</span> <span class='ocrx_word' id='word_1_479' title='bbox 754 4015 1071 4081; x_wconf 77' lang='grc' dir='ltr'>ἑργάζεςθαι</span> <span class='ocrx_word' id='word_1_480' title='bbox 1106 4015 1367 4081; x_wconf 80' lang='grc' dir='ltr'>ἀνάγκῃ»</span> <span class='ocrx_word' id='word_1_481' title='bbox 1411 4015 1540 4079; x_wconf 85' lang='grc' dir='ltr'>(οἀ.</span> <span class='ocrx_word' id='word_1_482' title='bbox 1576 4029 1609 4079; x_wconf 94' lang='grc' dir='ltr'>ρ</span> <span class='ocrx_word' id='word_1_483' title='bbox 1645 4014 1768 4077; x_wconf 80' lang='grc'>441)</span> <span class='ocrx_word' id='word_1_484' title='bbox 1813 4015 1905 4065; x_wconf 84' lang='grc' dir='ltr'>καὶ</span> <span class='ocrx_word' id='word_1_485' title='bbox 1954 4015 2042 4065; x_wconf 88' lang='grc' dir='ltr'>ὅτι</span> <span class='ocrx_word' id='word_1_486' title='bbox 2079 4015 2220 4079; x_wconf 86' lang='grc' dir='ltr'>μετὰ</span> <span class='ocrx_word' id='word_1_487' title='bbox 2261 4013 2582 4079; x_wconf 84' lang='grc' dir='ltr'>προθέςεώς</span> <span class='ocrx_word' id='word_1_488' title='bbox 2628 4013 2791 4065; x_wconf 79' lang='grc' dir='ltr'>ἐςτιν.</span> <span class='ocrx_word' id='word_1_489' title='bbox 2864 4014 3005 4066; x_wconf 86' lang='grc' dir='ltr'>ὅταν</span> <span class='ocrx_word' id='word_1_490' title='bbox 3040 4014 3151 4080; x_wconf 84' lang='grc' dir='ltr'>γὰρ</span> <span class='ocrx_word' id='word_1_491' title='bbox 3184 4015 3220 4077; x_wconf 89' lang='grc' dir='ltr'><strong>ἡ</strong></span> 
     </span>
     <span class='ocr_line' id='line_1_43' title="bbox 635 4079 3221 4149; baseline -0.001 -13"><span class='ocrx_word' id='word_1_492' title='bbox 635 4084 893 4149; x_wconf 86' lang='grc' dir='ltr'>πρόθεςις</span> <span class='ocrx_word' id='word_1_493' title='bbox 930 4085 965 4149; x_wconf 84' lang='grc' dir='ltr'>ᾖ</span> <span class='ocrx_word' id='word_1_494' title='bbox 1002 4084 1143 4148; x_wconf 84' lang='grc' dir='ltr'>μετὰ</span> <span class='ocrx_word' id='word_1_495' title='bbox 1176 4079 1562 4145; x_wconf 87' lang='grc' dir='ltr'>ἀντωνυμίας,</span> <span class='ocrx_word' id='word_1_496' title='bbox 1600 4081 1987 4146; x_wconf 82' lang='grc' dir='ltr'>ὁρθοτονεῑται</span> <span class='ocrx_word' id='word_1_497' title='bbox 2017 4081 2052 4145; x_wconf 87' lang='grc' dir='ltr'>ἡ</span> <span class='ocrx_word' id='word_1_498' title='bbox 2091 4081 2416 4145; x_wconf 85' lang='grc' dir='ltr'>ἀντωνυμία</span> <span class='ocrx_word' id='word_1_499' title='bbox 2453 4080 2596 4133; x_wconf 72' lang='grc' dir='ltr'>«ςὺν</span> <span class='ocrx_word' id='word_1_500' title='bbox 2632 4082 2716 4132; x_wconf 75' lang='lat' dir='ltr'>col</span> <span class='ocrx_word' id='word_1_501' title='bbox 2755 4081 2844 4132; x_wconf 83' lang='grc' dir='ltr'>δῖα</span> <span class='ocrx_word' id='word_1_502' title='bbox 2880 4081 3023 4133; x_wconf 71' lang='grc' dir='ltr'>θεά»</span> <span class='ocrx_word' id='word_1_503' title='bbox 3061 4084 3155 4146; x_wconf 88' lang='lat'>(11.</span> <span class='ocrx_word' id='word_1_504' title='bbox 3184 4082 3221 4133; x_wconf 85' lang='grc' dir='ltr'>Κ</span> 
     </span>
     <span class='ocr_line' id='line_1_44' title="bbox 634 4148 3221 4216; baseline -0.001 -12"><span class='ocrx_word' id='word_1_505' title='bbox 634 4153 788 4216; x_wconf 81' lang='grc'>290),</span> <span class='ocrx_word' id='word_1_506' title='bbox 825 4153 1036 4215; x_wconf 77' lang='grc' dir='ltr'>«προτὶ</span> <span class='ocrx_word' id='word_1_507' title='bbox 1071 4149 1128 4202; x_wconf 85' lang='grc' dir='ltr'>οἷ</span> <span class='ocrx_word' id='word_1_508' title='bbox 1162 4150 1221 4202; x_wconf 83' lang='grc' dir='ltr'>δ’</span> <span class='ocrx_word' id='word_1_509' title='bbox 1256 4149 1420 4212; x_wconf 79' lang='grc' dir='ltr'>ἔλαβ’</span> <span class='ocrx_word' id='word_1_510' title='bbox 1454 4148 1662 4202; x_wconf 77' lang='grc' dir='ltr'>ἔντεα»</span> <span class='ocrx_word' id='word_1_511' title='bbox 1697 4150 1786 4214; x_wconf 86' lang='lat'><em>(11.</em></span> <span class='ocrx_word' id='word_1_512' title='bbox 1823 4150 1872 4203; x_wconf 86' lang='grc' dir='ltr'>Υ</span> <span class='ocrx_word' id='word_1_513' title='bbox 1907 4149 2060 4214; x_wconf 92' lang='grc'>418),</span> <span class='ocrx_word' id='word_1_514' title='bbox 2107 4151 2292 4201; x_wconf 70' lang='grc' dir='ltr'>«κατὰ</span> <span class='ocrx_word' id='word_1_515' title='bbox 2329 4149 2500 4214; x_wconf 82' lang='grc' dir='ltr'>ςφέας</span> <span class='ocrx_word' id='word_1_516' title='bbox 2535 4148 2643 4212; x_wconf 85' lang='grc' dir='ltr'>γὰρ</span> <span class='ocrx_word' id='word_1_517' title='bbox 2680 4149 3001 4213; x_wconf 75' lang='grc' dir='ltr'>μαχέοντο»</span> <span class='ocrx_word' id='word_1_518' title='bbox 3047 4151 3144 4213; x_wconf 81' lang='lat'><em>(11.</em></span> <span class='ocrx_word' id='word_1_519' title='bbox 3182 4149 3221 4201; x_wconf 91' lang='grc' dir='ltr'>Β</span> 
     </span>
     <span class='ocr_line' id='line_1_45' title="bbox 636 4216 3223 4285; baseline -0.002 -13"><span class='ocrx_word' id='word_1_520' title='bbox 636 4219 789 4285; x_wconf 84' lang='grc'>367),</span> <span class='ocrx_word' id='word_1_521' title='bbox 827 4218 984 4271; x_wconf 75' lang='grc' dir='ltr'>«ἀπὸ</span> <span class='ocrx_word' id='word_1_522' title='bbox 1021 4218 1083 4270; x_wconf 89' lang='grc' dir='ltr'>ἕο</span> <span class='ocrx_word' id='word_1_523' title='bbox 1118 4217 1437 4280; x_wconf 82' lang='grc' dir='ltr'>κάββαλεν»</span> <span class='ocrx_word' id='word_1_524' title='bbox 1474 4217 1564 4282; x_wconf 91' lang='lat'><em>(11.</em></span> <span class='ocrx_word' id='word_1_525' title='bbox 1603 4216 1639 4270; x_wconf 89' lang='grc' dir='ltr'>Ε</span> <span class='ocrx_word' id='word_1_526' title='bbox 1675 4217 1826 4281; x_wconf 82' lang='grc'>343),</span> <span class='ocrx_word' id='word_1_527' title='bbox 1866 4216 2050 4282; x_wconf 76' lang='grc' dir='ltr'>«ἀμφὶ</span> <span class='ocrx_word' id='word_1_528' title='bbox 2087 4217 2115 4269; x_wconf 87' lang='grc' dir='ltr'>ἓ</span> <span class='ocrx_word' id='word_1_529' title='bbox 2151 4217 2453 4281; x_wconf 85' lang='grc' dir='ltr'>παπτήνας</span> <span class='ocrx_word' id='word_1_530' title='bbox 2490 4217 2579 4282; x_wconf 88' lang='lat'>(11.</span> <span class='ocrx_word' id='word_1_531' title='bbox 2618 4216 2669 4268; x_wconf 93' lang='grc' dir='ltr'>Δ</span> <span class='ocrx_word' id='word_1_532' title='bbox 2705 4216 2855 4281; x_wconf 82' lang='grc'>497),</span> <span class='ocrx_word' id='word_1_533' title='bbox 2901 4219 3006 4268; x_wconf 78' lang='grc' dir='ltr'>τοῦ</span> <span class='ocrx_word' id='word_1_534' title='bbox 3044 4216 3223 4268; x_wconf 70' lang='grc' dir='ltr'>«ἆλτ’</span> 
     </span>
     <span class='ocr_line' id='line_1_46' title="bbox 633 4284 3221 4351; baseline -0.002 -12"><span class='ocrx_word' id='word_1_535' title='bbox 633 4287 726 4340; x_wconf 76' lang='grc' dir='ltr'>ἐπι</span> <span class='ocrx_word' id='word_1_536' title='bbox 758 4286 813 4339; x_wconf 85' lang='grc' dir='ltr'>οἱ</span> <span class='ocrx_word' id='word_1_537' title='bbox 849 4285 1120 4350; x_wconf 71' lang='grc' dir='ltr'>μεμαώς)</span> <span class='ocrx_word' id='word_1_538' title='bbox 1155 4286 1243 4350; x_wconf 88' lang='grc'>(11.</span> <span class='ocrx_word' id='word_1_539' title='bbox 1281 4284 1330 4336; x_wconf 88' lang='grc' dir='ltr'>Φ</span> <span class='ocrx_word' id='word_1_540' title='bbox 1370 4284 1517 4349; x_wconf 80' lang='grc'>174),</span> <span class='ocrx_word' id='word_1_541' title='bbox 1555 4284 1780 4349; x_wconf 83' lang='grc' dir='ltr'>Ζήτηςιν</span> <span class='ocrx_word' id='word_1_542' title='bbox 1817 4285 2048 4349; x_wconf 81' lang='grc' dir='ltr'>ἔχοντος</span> <span class='ocrx_word' id='word_1_543' title='bbox 2086 4287 2156 4337; x_wconf 84' lang='lat' dir='ltr'>cf.</span> <span class='ocrx_word' id='word_1_544' title='bbox 2196 4302 2284 4351; x_wconf 88' lang='lat' dir='ltr'>qu.</span> <span class='ocrx_word' id='word_1_545' title='bbox 2325 4302 2410 4351; x_wconf 81' lang='lat' dir='ltr'>ep.</span> <span class='ocrx_word' id='word_1_546' title='bbox 2452 4289 2574 4348; x_wconf 90' lang='grc'>118,</span> <span class='ocrx_word' id='word_1_547' title='bbox 2616 4288 2696 4337; x_wconf 88' lang='grc'>19.</span> <span class='ocrx_word' id='word_1_548' title='bbox 2732 4313 2798 4321; x_wconf 93' lang='grc'><strong>-</strong></span> <span class='ocrx_word' id='word_1_549' title='bbox 2836 4285 3016 4337; x_wconf 82' lang='lat' dir='ltr'>Schol.</span> <span class='ocrx_word' id='word_1_550' title='bbox 3058 4284 3165 4336; x_wconf 81' lang='lat' dir='ltr'>od.</span> <span class='ocrx_word' id='word_1_551' title='bbox 3189 4300 3221 4335; x_wconf 93' lang='grc' dir='ltr'>ο</span> 
     </span>
     <span class='ocr_line' id='line_1_47' title="bbox 634 4350 3219 4415; baseline -0.002 -7"><span class='ocrx_word' id='word_1_552' title='bbox 634 4358 750 4408; x_wconf 86' lang='grc'>317.</span> <span class='ocrx_word' id='word_1_553' title='bbox 820 4357 884 4405; x_wconf 87' lang='lat'>11.</span> <span class='ocrx_word' id='word_1_554' title='bbox 920 4357 1009 4405; x_wconf 85' lang='lat' dir='ltr'>Pr.</span> <span class='ocrx_word' id='word_1_555' title='bbox 1051 4353 1089 4404; x_wconf 85' lang='grc' dir='ltr'>Κ</span> <span class='ocrx_word' id='word_1_556' title='bbox 1127 4356 1244 4406; x_wconf 87' lang='grc'>208.</span> <span class='ocrx_word' id='word_1_557' title='bbox 1299 4351 1342 4403; x_wconf 91' lang='grc' dir='ltr'>Χ</span> <span class='ocrx_word' id='word_1_558' title='bbox 1377 4355 1495 4403; x_wconf 88' lang='grc'>474.</span> <span class='ocrx_word' id='word_1_559' title='bbox 1550 4351 1597 4403; x_wconf 88' lang='grc' dir='ltr'><strong>Ψ</strong></span> <span class='ocrx_word' id='word_1_560' title='bbox 1633 4355 1733 4404; x_wconf 88' lang='grc'>698</span> <span class='ocrx_word' id='word_1_561' title='bbox 1779 4359 1837 4403; x_wconf 81' lang='lat' dir='ltr'>et</span> <span class='ocrx_word' id='word_1_562' title='bbox 1882 4356 1998 4404; x_wconf 82' lang='lat'><strong>703.</strong></span> <span class='ocrx_word' id='word_1_563' title='bbox 2035 4380 2102 4389; x_wconf 92' lang='lat'>—-</span> <span class='ocrx_word' id='word_1_564' title='bbox 2138 4354 2320 4405; x_wconf 82' lang='lat' dir='ltr'>Schol.</span> <span class='ocrx_word' id='word_1_565' title='bbox 2360 4353 2432 4403; x_wconf 80' lang='lat' dir='ltr'>ad</span> <span class='ocrx_word' id='word_1_566' title='bbox 2468 4353 2572 4402; x_wconf 85' lang='lat' dir='ltr'>Od.</span> <span class='ocrx_word' id='word_1_567' title='bbox 2606 4353 2636 4405; x_wconf 88' lang='grc' dir='ltr'>ζ</span> <span class='ocrx_word' id='word_1_568' title='bbox 2670 4355 2728 4403; x_wconf 82' lang='lat'>6:</span> <span class='ocrx_word' id='word_1_569' title='bbox 2766 4350 2822 4403; x_wconf 79' lang='grc' dir='ltr'>οἵ</span> <span class='ocrx_word' id='word_1_570' title='bbox 2857 4364 3058 4415; x_wconf 74' lang='grc' dir='ltr'>ςφεας;</span> <span class='ocrx_word' id='word_1_571' title='bbox 3098 4352 3219 4403; x_wconf 82' lang='grc' dir='ltr'>ὀξυ-</span> 
     </span>
     <span class='ocr_line' id='line_1_48' title="bbox 632 4418 3219 4487; baseline -0.001 -13"><span class='ocrx_word' id='word_1_572' title='bbox 632 4422 912 4487; x_wconf 87' lang='grc' dir='ltr'>τονητέον</span> <span class='ocrx_word' id='word_1_573' title='bbox 961 4421 1033 4472; x_wconf 88' lang='grc' dir='ltr'>τὸ</span> <span class='ocrx_word' id='word_1_574' title='bbox 1079 4419 1144 4483; x_wconf 62' lang='grc' dir='ltr'>οἱ,</span> <span class='ocrx_word' id='word_1_575' title='bbox 1179 4418 1405 4484; x_wconf 81' lang='grc' dir='ltr'>ἄρθρον.</span> <span class='ocrx_word' id='word_1_576' title='bbox 1476 4418 1792 4482; x_wconf 82' lang='grc' dir='ltr'>ἑγκλιτικὸν</span> <span class='ocrx_word' id='word_1_577' title='bbox 1826 4419 1933 4484; x_wconf 85' lang='grc' dir='ltr'>γάρ</span> <span class='ocrx_word' id='word_1_578' title='bbox 1970 4419 2118 4472; x_wconf 79' lang='grc' dir='ltr'>ἐςτιν</span> <span class='ocrx_word' id='word_1_579' title='bbox 2151 4423 2258 4472; x_wconf 81' lang='grc' dir='ltr'>νῦν</span> <span class='ocrx_word' id='word_1_580' title='bbox 2293 4420 2482 4484; x_wconf 86' lang='grc' dir='ltr'>ςφέας.</span> <span class='ocrx_word' id='word_1_581' title='bbox 2534 4434 2569 4470; x_wconf 86' lang='grc' dir='ltr'>ν</span> <span class='ocrx_word' id='word_1_582' title='bbox 2603 4424 2727 4480; x_wconf 82' lang='grc'>213,</span> <span class='ocrx_word' id='word_1_583' title='bbox 2764 4422 2890 4482; x_wconf 81' lang='grc'>276;</span> <span class='ocrx_word' id='word_1_584' title='bbox 2928 4434 2965 4485; x_wconf 90' lang='grc' dir='ltr'>η</span> <span class='ocrx_word' id='word_1_585' title='bbox 3000 4422 3097 4471; x_wconf 81' lang='grc' dir='ltr'>4οε</span> <span class='ocrx_word' id='word_1_586' title='bbox 3134 4419 3219 4471; x_wconf 83' lang='grc' dir='ltr'>διὰ</span> 
     </span>
     <span class='ocr_line' id='line_1_49' title="bbox 634 4485 3217 4554; baseline -0.002 -12"><span class='ocrx_word' id='word_1_587' title='bbox 634 4490 829 4554; x_wconf 83' lang='grc' dir='ltr'>ςφέας;</span> <span class='ocrx_word' id='word_1_588' title='bbox 870 4488 1283 4553; x_wconf 80' lang='grc' dir='ltr'>ὸρθοτονητέον</span> <span class='ocrx_word' id='word_1_589' title='bbox 1317 4487 1426 4551; x_wconf 88' lang='grc' dir='ltr'>τὴν</span> <span class='ocrx_word' id='word_1_590' title='bbox 1451 4485 1812 4550; x_wconf 76' lang='grc' dir='ltr'>ἀντωνυμίαν</span> <span class='ocrx_word' id='word_1_591' title='bbox 1836 4487 1924 4539; x_wconf 86' lang='grc' dir='ltr'>διὰ</span> <span class='ocrx_word' id='word_1_592' title='bbox 1947 4488 2055 4551; x_wconf 88' lang='grc' dir='ltr'>τὴν</span> <span class='ocrx_word' id='word_1_593' title='bbox 2079 4487 2356 4552; x_wconf 87' lang='grc' dir='ltr'>πρόθεςιν.</span> <span class='ocrx_word' id='word_1_594' title='bbox 2461 4489 2499 4538; x_wconf 87' lang='lat' dir='ltr'>l.</span> <span class='ocrx_word' id='word_1_595' title='bbox 2527 4491 2690 4539; x_wconf 84' lang='lat'><strong>11-3</strong></span> <span class='ocrx_word' id='word_1_596' title='bbox 2712 4504 2766 4553; x_wconf 89' lang='lat' dir='ltr'>p.</span> <span class='ocrx_word' id='word_1_597' title='bbox 2794 4503 2910 4554; x_wconf 77' lang='lat' dir='ltr'>seq.</span> <span class='ocrx_word' id='word_1_598' title='bbox 2946 4487 3073 4537; x_wconf 79' lang='lat' dir='ltr'>Are.</span> <span class='ocrx_word' id='word_1_599' title='bbox 3105 4490 3217 4549; x_wconf 74' lang='lat'><strong>143,</strong></span> 
     </span>
     <span class='ocr_line' id='line_1_50' title="bbox 635 4554 3221 4621; baseline -0.002 -13"><span class='ocrx_word' id='word_1_600' title='bbox 635 4561 839 4610; x_wconf 77' lang='grc'>6-23.</span> <span class='ocrx_word' id='word_1_601' title='bbox 927 4558 967 4607; x_wconf 88' lang='lat'>1.</span> <span class='ocrx_word' id='word_1_602' title='bbox 1006 4560 1067 4607; x_wconf 80' lang='lat'>12</span> <span class='ocrx_word' id='word_1_603' title='bbox 1113 4558 1312 4621; x_wconf 83' lang='lat' dir='ltr'>scripsi</span> <span class='ocrx_word' id='word_1_604' title='bbox 1356 4558 1581 4618; x_wconf 82' lang='grc' dir='ltr'>βαρεῖαν</span> <span class='ocrx_word' id='word_1_605' title='bbox 1628 4572 1724 4620; x_wconf 84' lang='lat' dir='ltr'>pro</span> <span class='ocrx_word' id='word_1_606' title='bbox 1771 4556 2048 4619; x_wconf 84' lang='grc' dir='ltr'>βραχεῖαν.</span> <span class='ocrx_word' id='word_1_607' title='bbox 2134 4557 2172 4606; x_wconf 91' lang='lat' dir='ltr'>l.</span> <span class='ocrx_word' id='word_1_608' title='bbox 2209 4560 2273 4608; x_wconf 83' lang='grc'>19</span> <span class='ocrx_word' id='word_1_609' title='bbox 2316 4557 2525 4607; x_wconf 71' lang='lat' dir='ltr'><strong>innomi</strong></span> <span class='ocrx_word' id='word_1_610' title='bbox 2568 4554 2987 4620; x_wconf 87' lang='grc' dir='ltr'>περιςπώμεναι</span> <span class='ocrx_word' id='word_1_611' title='bbox 3032 4554 3128 4605; x_wconf 77' lang='grc' dir='ltr'>καὶ</span> <span class='ocrx_word' id='word_1_612' title='bbox 3163 4562 3221 4604; x_wconf 78' lang='lat' dir='ltr'>et</span> 
     </span>
     <span class='ocr_line' id='line_1_51' title="bbox 636 4619 3220 4689; baseline -0.002 -14"><span class='ocrx_word' id='word_1_613' title='bbox 636 4625 674 4675; x_wconf 84' lang='lat'>1.</span> <span class='ocrx_word' id='word_1_614' title='bbox 709 4629 779 4678; x_wconf 88' lang='grc'>20</span> <span class='ocrx_word' id='word_1_615' title='bbox 813 4625 903 4677; x_wconf 86' lang='grc' dir='ltr'>καί</span> <span class='ocrx_word' id='word_1_616' title='bbox 939 4638 1160 4689; x_wconf 88' lang='grc' dir='ltr'>ςφεων,</span> <span class='ocrx_word' id='word_1_617' title='bbox 1207 4620 1298 4674; x_wconf 88' lang='grc' dir='ltr'>καί</span> <span class='ocrx_word' id='word_1_618' title='bbox 1342 4636 1513 4688; x_wconf 85' lang='grc' dir='ltr'>ςφιςι,</span> <span class='ocrx_word' id='word_1_619' title='bbox 1560 4620 1651 4673; x_wconf 89' lang='grc' dir='ltr'>καί</span> <span class='ocrx_word' id='word_1_620' title='bbox 1695 4636 1896 4688; x_wconf 89' lang='grc' dir='ltr'>ςφεας;</span> <span class='ocrx_word' id='word_1_621' title='bbox 1944 4639 2072 4674; x_wconf 86' lang='lat' dir='ltr'>nam</span> <span class='ocrx_word' id='word_1_622' title='bbox 2114 4624 2204 4673; x_wconf 84' lang='lat' dir='ltr'>hic</span> <span class='ocrx_word' id='word_1_623' title='bbox 2248 4638 2356 4675; x_wconf 88' lang='lat' dir='ltr'>non</span> <span class='ocrx_word' id='word_1_624' title='bbox 2393 4623 2462 4675; x_wconf 83' lang='lat' dir='ltr'>de</span> <span class='ocrx_word' id='word_1_625' title='bbox 2498 4623 2619 4674; x_wconf 72' lang='lat' dir='ltr'><strong>sola</strong></span> <span class='ocrx_word' id='word_1_626' title='bbox 2653 4622 2862 4686; x_wconf 76' lang='lat' dir='ltr'>systole</span> <span class='ocrx_word' id='word_1_627' title='bbox 2899 4625 3030 4685; x_wconf 85' lang='grc' dir='ltr'>ςφῖν</span> <span class='ocrx_word' id='word_1_628' title='bbox 3066 4619 3220 4685; x_wconf 79' lang='grc' dir='ltr'>ςφίν,</span> 
     </span>
     <span class='ocr_line' id='line_1_52' title="bbox 637 4688 3221 4758; baseline -0.002 -13"><span class='ocrx_word' id='word_1_629' title='bbox 637 4697 779 4757; x_wconf 74' lang='grc' dir='ltr'>ςφᾶς</span> <span class='ocrx_word' id='word_1_630' title='bbox 815 4692 982 4758; x_wconf 83' lang='grc' dir='ltr'>(φάς,</span> <span class='ocrx_word' id='word_1_631' title='bbox 1028 4693 1126 4743; x_wconf 72' lang='lat' dir='ltr'>sed</span> <span class='ocrx_word' id='word_1_632' title='bbox 1171 4692 1237 4741; x_wconf 86' lang='lat' dir='ltr'>de</span> <span class='ocrx_word' id='word_1_633' title='bbox 1286 4691 1605 4756; x_wconf 79' lang='lat' dir='ltr'><strong>pleonasmo</strong></span> <span class='ocrx_word' id='word_1_634' title='bbox 1650 4707 1953 4743; x_wconf 75' lang='lat' dir='ltr'>sermonem</span> <span class='ocrx_word' id='word_1_635' title='bbox 2001 4707 2121 4743; x_wconf 81' lang='lat' dir='ltr'>esse</span> <span class='ocrx_word' id='word_1_636' title='bbox 2166 4692 2415 4743; x_wconf 80' lang='lat' dir='ltr'><strong>indicant</strong></span> <span class='ocrx_word' id='word_1_637' title='bbox 2457 4693 2629 4742; x_wconf 78' lang='lat' dir='ltr'><strong>verba</strong></span> <span class='ocrx_word' id='word_1_638' title='bbox 2669 4689 2764 4742; x_wconf 82' lang='grc' dir='ltr'>ἵνα</span> <span class='ocrx_word' id='word_1_639' title='bbox 2806 4690 2879 4754; x_wconf 84' lang='grc' dir='ltr'>μὴ</span> <span class='ocrx_word' id='word_1_640' title='bbox 2918 4688 3221 4753; x_wconf 78' lang='grc' dir='ltr'>βαρὺτονοι</span> 
     </span>
     <span class='ocr_line' id='line_1_53' title="bbox 638 4758 3223 4829; baseline -0.002 -19"><span class='ocrx_word' id='word_1_641' title='bbox 638 4759 822 4826; x_wconf 77' lang='grc' dir='ltr'>οῦςαι,</span> <span class='ocrx_word' id='word_1_642' title='bbox 859 4762 1058 4829; x_wconf 83' lang='lat' dir='ltr'><strong>quibus</strong></span> <span class='ocrx_word' id='word_1_643' title='bbox 1092 4758 1473 4825; x_wconf 78' lang='lat' dir='ltr'><strong>significantur</strong></span> <span class='ocrx_word' id='word_1_644' title='bbox 1509 4760 1716 4811; x_wconf 80' lang='lat' dir='ltr'><strong>formae</strong></span> <span class='ocrx_word' id='word_1_645' title='bbox 1753 4774 1864 4810; x_wconf 87' lang='lat' dir='ltr'>non</span> <span class='ocrx_word' id='word_1_646' title='bbox 1898 4765 2122 4825; x_wconf 79' lang='lat' dir='ltr'><strong>natura,</strong></span> <span class='ocrx_word' id='word_1_647' title='bbox 2163 4760 2259 4811; x_wconf 79' lang='lat' dir='ltr'>sed</span> <span class='ocrx_word' id='word_1_648' title='bbox 2297 4760 2591 4810; x_wconf 80' lang='lat' dir='ltr'><strong>affectione</strong></span> <span class='ocrx_word' id='word_1_649' title='bbox 2626 4760 2953 4824; x_wconf 76' lang='lat' dir='ltr'><strong>ban-ytonae‚</strong></span> <span class='ocrx_word' id='word_1_650' title='bbox 2991 4758 3057 4806; x_wconf 74' lang='lat' dir='ltr'>de</span> <span class='ocrx_word' id='word_1_651' title='bbox 3100 4758 3223 4821; x_wconf 78' lang='lat' dir='ltr'>qni-</span> 
     </span>
     <span class='ocr_line' id='line_1_54' title="bbox 639 4824 3215 4893; baseline -0.002 -14"><span class='ocrx_word' id='word_1_652' title='bbox 639 4828 740 4879; x_wconf 78' lang='lat' dir='ltr'>bus</span> <span class='ocrx_word' id='word_1_653' title='bbox 776 4830 846 4880; x_wconf 83' lang='lat' dir='ltr'>cf.</span> <span class='ocrx_word' id='word_1_654' title='bbox 887 4830 950 4882; x_wconf 87' lang='lat' dir='ltr'>E.</span> <span class='ocrx_word' id='word_1_655' title='bbox 987 4828 1060 4883; x_wconf 81' lang='lat' dir='ltr'>M,</span> <span class='ocrx_word' id='word_1_656' title='bbox 1098 4830 1226 4892; x_wconf 84' lang='lat'>498,</span> <span class='ocrx_word' id='word_1_657' title='bbox 1268 4828 1346 4878; x_wconf 83' lang='grc'>16.</span> <span class='ocrx_word' id='word_1_658' title='bbox 1387 4855 1448 4861; x_wconf 92' lang='grc'>--</span> <span class='ocrx_word' id='word_1_659' title='bbox 1488 4828 1524 4877; x_wconf 91' lang='lat'>1.</span> <span class='ocrx_word' id='word_1_660' title='bbox 1562 4830 1627 4878; x_wconf 87' lang='grc'>22</span> <span class='ocrx_word' id='word_1_661' title='bbox 1665 4829 1719 4877; x_wconf 84' lang='lat' dir='ltr'>in</span> <span class='ocrx_word' id='word_1_662' title='bbox 1756 4828 1911 4879; x_wconf 76' lang='lat' dir='ltr'>libris</span> <span class='ocrx_word' id='word_1_663' title='bbox 1946 4827 1981 4893; x_wconf 87' lang='grc' dir='ltr'>ἡ</span> <span class='ocrx_word' id='word_1_664' title='bbox 2019 4826 2291 4893; x_wconf 78' lang='grc' dir='ltr'>αἰτιατική</span> <span class='ocrx_word' id='word_1_665' title='bbox 2329 4827 2525 4893; x_wconf 73' lang='grc' dir='ltr'>ἔλαβεν</span> <span class='ocrx_word' id='word_1_666' title='bbox 2561 4824 2765 4891; x_wconf 86' lang='grc' dir='ltr'>αὐτον,</span> <span class='ocrx_word' id='word_1_667' title='bbox 2804 4840 2945 4891; x_wconf 81' lang='lat' dir='ltr'><strong>quae</strong></span> <span class='ocrx_word' id='word_1_668' title='bbox 2982 4824 3066 4875; x_wconf 79' lang='lat' dir='ltr'>sic</span> <span class='ocrx_word' id='word_1_669' title='bbox 3104 4839 3215 4877; x_wconf 81' lang='lat' dir='ltr'>eor·</span> 
     </span>
    </p>
   </div>
  </div>
 </body>
</html>
