3664 5546
1181 401 1339 459 ΠΕΡΙ
1379 399 1772 458 ΚΑΘΟΛΙΚΗ(
1804 400 2228 457 ΠΡΟΕΩιΔΙΑ(
2268 403 2329 455 Η.
2919 399 3041 466 195

625 576 718 641 Τὰ
772 573 861 639 εἰς
917 576 1032 653 ρ’-οῖ
1078 574 1585 655 ὑπερδιςύλλαβα
1627 575 2127 655 παραληγόμενα
2171 577 2212 638 ἇ
2256 574 2732 658 ςυνεςταλμὲνῳ
2786 575 2826 652 ἢ
2872 573 3040 638 ἐκτε-

456 677 708 761 ταμένῳ
752 681 1006 757 τριγενῆ
1051 675 1213 742 ὄντα
1257 676 1579 761 ὀξύνεται,
1636 678 1690 743 εἰ
1734 680 1814 758 μὴ
1862 679 2365 743 δεδιπλαςίαςται
2420 678 2491 743 ἐν
2536 683 2611 761 τῇ
2656 675 2821 760 ἀρχῇ
2835 725 2854 759 ,
2908 696 2948 754 χ
2961 697 3001 740 α
3017 715 3040 725 -

460 780 728 862 λαρός,
786 778 1152 862 λιπαρός,
1209 781 1565 863 χλιαρός,
1612 782 2023 865 ψαφαρός,
2082 781 2424 860 λαγαρός
2470 779 2507 844 6
2554 778 2854 861 ἀςθενής,
2906 797 3041 856 μα-

459 881 650 960 δαρό
670 902 734 963 ς,
783 880 1033 959 ρυπαρ
1053 881 1167 963 ός,
1211 882 1646 966 πλαδαρός,
1692 881 1790 948 οἷς
1835 883 2223 962 ἠκολούθηςε
2282 883 2385 948 καὶ
2438 883 2514 947 τὸ
2572 880 2879 959 ἀκαρός.
2968 880 3042 943 τὸ

460 983 674 1063 μέντοι
730 981 820 1047 κά
833 1003 869 1060 ρ
883 1003 921 1061 χ
934 1004 975 1046 α
988 1003 1023 1061 ρ
1039 1003 1076 1047 ο
1090 1004 1122 1047 ς
1176 984 1680 1049 δεδιπλαςίαςται
1737 985 1807 1049 ἑν
1852 991 1927 1069 τῇ
1983 983 2165 1069 ἀρχῇ.
2238 986 2314 1049 τὸ
2361 986 2433 1050 δὲ
2477 1006 2529 1064 φ
2543 986 2578 1047 λ
2596 983 2632 1048 ύ
2647 1004 2735 1062 αρ
2752 1004 2789 1047 ο
2807 1002 2837 1047 ς
2882 1001 3041 1060 προ-
3072 991 3104 1039 5

460 1085 884 1164 παροξύνεται
932 1084 1051 1148 οὐκ
1094 1084 1249 1164 ἔχον
1294 1088 1573 1165 θηλυκὸν
1618 1088 1719 1152 καὶ
1761 1088 1837 1151 τὸ
1884 1087 1967 1163 ἔγ
1981 1109 2016 1150 κ
2029 1108 2070 1151 α
2083 1107 2120 1165 ρ
2133 1107 2170 1150 ο
2188 1106 2218 1152 ς
2263 1086 2302 1150 6
2346 1086 2727 1166 ἐγκέφαλος.Δ

630 1187 724 1252 Τὰ
779 1186 867 1251 εἰς
910 1190 1097 1266 ’ῖεῑῆἑ
1140 1189 1521 1269 τριςύλλαβα
1533 1238 1552 1272 ,
1607 1189 1661 1253 εἰ
1716 1189 1846 1269 ἔχει
1891 1191 2008 1269 τὴν
2054 1188 2376 1267 ἄρχουςαν
2420 1188 2663 1267 μακράν
2680 1236 2698 1269 ,
2755 1206 3045 1265 προπαρ-

463 1289 782 1371 οξύνεται,
838 1288 1261 1372 φέρτερος,
1319 1292 1726 1374 βέλτερος,
1782 1291 2011 1357 κύντε
2030 1312 2164 1370 ρος
2221 1291 2570 1368 «κύντερον
2622 1288 2784 1354 ἄλλο
2830 1309 3047 1365 γυναι-

462 1393 572 1457 κός
588 1418 612 1447 »
659 1389 813 1471 (Od.
860 1393 895 1453 λ
935 1388 1060 1454 427
1064 1391 1106 1472 ).
1195 1390 1233 1454 ὕ
1248 1412 1367 1456 ςτε
1383 1413 1418 1471 ρ
1434 1413 1471 1457 ο
1487 1414 1548 1477 ς,
1614 1393 1777 1471 ὅπερ
1845 1397 2184 1473 ςημειῶδες
2250 1393 2401 1472 μήτε
2457 1390 2589 1456 ἀπὸ
2644 1383 2775 1456 τῶν
2832 1391 2920 1455 εἰς
2977 1392 3048 1453 fic

465 1495 795 1573 ληγόντων
841 1494 1167 1570 παραχθὲν
1223 1494 1640 1576 τριςύλλαβόν
1695 1515 1764 1560 τε
1820 1495 2114 1574 ὑπάρχον
2172 1495 2273 1559 καὶ
2317 1493 2472 1573 ἔχον
2519 1494 2594 1558 τὸ
2641 1496 2673 1556 ἒ
2718 1492 3043 1572 προηγού-
3083 1504 3148 1554 10

465 1616 661 1675 μενον
706 1599 823 1659 τοῦ
865 1597 1081 1672 ‘'teob—E·
1169 1592 1291 1658 ἀλλ
1305 1595 1323 1618 ’
1365 1595 1515 1660 ἴςως
1559 1595 1765 1662 αἴτιον
1812 1597 1887 1661 τὸ
1933 1597 2156 1661 πάθος.
2243 1597 2480 1672 γίνεται
2536 1596 2658 1674 γὰρ
2704 1596 2878 1674 παρὰ
2932 1597 3049 1674 τὴν

464 1699 591 1762 ὑπό
624 1698 936 1775 ὑπότερος
969 1697 1072 1760 καὶ
1113 1697 1272 1761 κατὰ
1323 1699 1644 1778 ςυγκοπὴν
1691 1699 1965 1777 ὕςτερος.
2027 1699 2104 1763 τὸ
2150 1700 2221 1763 δὲ
2267 1701 2306 1761 ὅ
2351 1697 2868 1776 ςυγκοπτόμενον
2912 1699 2988 1762 τό
3019 1701 3051 1759 ’ς’

467 1803 640 1864 ποιεῖ
669 1799 995 1879 θεόφατον
1026 1798 1366 1883 θέςφατον,
1399 1800 1761 1867 θεοείκελον
1795 1801 2112 1866 θέςκελον.
2160 1805 2196 1864 6
2211 1820 2240 1865 ε
2256 1800 2293 1864 ύ
2307 1822 2341 1864 τ
2355 1821 2385 1865 ε
2399 1821 2434 1879 ρ
2452 1821 2489 1865 ο
2505 1822 2551 1865 ς.
2607 1799 2681 1864 ἴκ
2693 1821 2728 1863 τ
2739 1819 2769 1864 ε
2783 1821 2819 1878 ρ
2834 1821 2871 1863 o
2887 1821 2933 1864 ς.
2976 1800 3051 1863 τὸ

469 1904 539 1966 δὲ
564 1924 599 1966 κ
613 1922 655 1965 α
668 1921 703 1979 ρ
716 1922 751 1963 τ
768 1919 797 1964 ε
811 1920 847 1979 ρ
861 1900 897 1963 ό
912 1921 942 1964 ς
976 1899 1266 1968 ὀξύνεται
1289 1900 1419 1966 ἀπὸ
1443 1905 1560 1967 τοῦ
1584 1902 1890 1982 κρατερός
1919 1903 2022 1967 καὶ
2049 1903 2125 1967 τὸ
2156 1902 2200 1966 Κ
2213 1924 2249 1981 ρ
2265 1923 2306 1966 α
2318 1923 2354 1966 τ
2367 1922 2397 1967 ε
2412 1923 2447 1981 ρ
2463 1901 2500 1967 ό
2514 1924 2545 1967 ς
2578 1901 2788 1981 ὄνομα
2813 1902 3052 1979 κύριον.

638 2003 732 2066 Τὰ
775 2003 879 2066 διὰ
922 2006 1040 2066 τοῦ
1085 2005 1270 2081 τἐῖόἷ
1315 2004 1655 2095 τριβράχεα
1697 2005 1844 2070 τότε
1891 2005 2274 2086 βαρύνονται
2292 2054 2309 2087 ,
2365 2003 2473 2069 ὅτε
2518 2005 2901 2083 πυςματικὴν
2947 2003 3051 2067 ἔν-
3096 2016 3154 2064 15

468 2126 654 2172 νοιαν
699 2104 837 2183 ἔχοι
881 2103 920 2181 ἢ
966 2103 1035 2168 ἐκ
1054 2106 1199 2170 ,δύο
1243 2107 1609 2185 προςώπων
1656 2105 1725 2171 ἕν
1770 2128 1829 2171 τι
1872 2109 1949 2172 τὸ
1995 2107 2400 2186 κατηγόρημα
2456 2109 2760 2189 ποιεῖται,
2819 2127 2864 2169 π
2880 2105 2918 2169 ό
2934 2127 2968 2169 τ
2982 2126 3010 2168 ε
3029 2145 3053 2154 -

470 2229 633 2291 ρος,
679 2205 1099 2289 πρότερος,
1147 2207 1446 2293 ἕτερος,
1494 2208 1591 2274 οἷς
1634 2209 2026 2288 ἠκολούθηςε
2071 2211 2175 2274 καὶ
2215 2211 2291 2274 τὸ
2337 2208 2728 2287 ἑκάτερος.

638 2309 731 2373 Τὰ
785 2307 873 2372 εἰς
937 2329 1123 2388 τερος
1190 2311 1734 2391 ὑπερτριςύλλαβα
1789 2313 2142 2391 ςυγκριτικὰ
2197 2312 2237 2390 ἢ
2305 2315 2707 2390 ςυγκριτικῶς
2771 2312 3056 2389 παραλη-

469 2412 711 2491 γόμενα
764 2412 1349 2497 προπαροξύνεται,
1408 2414 1476 2477 ἰθ
1491 2413 1527 2478 ύ
1542 2434 1579 2477 ν
1593 2434 1629 2477 τ
1642 2433 1672 2478 ε
1691 2434 1727 2491 ρ
1743 2434 1779 2477 ο
1794 2434 1825 2478 ς
1885 2413 2108 2493 ῥήματι
2164 2413 2631 2492 παρακείμενον
2692 2417 2782 2495 τῷ
2839 2411 3057 2494 ἰθύνω,

472 2514 936 2596 ἀβέλτερος,
1011 2515 1527 2598 μελάντερος,
1612 2513 2069 2597 ὀρέςτερος,
2155 2515 2561 2597 ἡμέτερος,
2640 2514 3163 2596 ὑμέτερος,20

473 2620 764 2697 ςφωῖτε
784 2634 950 2697 ρος,
996 2617 1488 2699 φιλαίτερος,
1534 2617 2133 2699 πληςιαίτερος,
2177 2617 2683 2699 περαίτερος,
2729 2616 3057 2695 ταχύτε-

473 2725 639 2801 ρος,Ι
695 2717 1219 2800 πλατύτερος,
1284 2718 1805 2801 βραχύτερος,
1861 2717 2281 2802 ἡδύτερος,
2346 2719 2875 2797 ἐπαςςύτερος
2932 2718 3060 2782 «ὣς

472 2822 584 2887 τότ
597 2822 612 2843 '
659 2820 1067 2898 ἐπαςςύτεραι
1121 2819 1408 2885 Δαναῶν
1425 2846 1452 2876 »
1511 2818 1619 2904 (Il.
1649 2821 1712 2884 Δ
1743 2818 1929 2903 427),
1984 2820 2146 2899 ὅπερ
2205 2821 2323 2885 οὐκ
2376 2821 2509 2900 ἔχει
2564 2822 2833 2902 φυςικὸν
2878 2821 2953 2885 τὸ
3001 2826 3060 2903 is,

475 2924 543 2987 ἑκ
588 2923 660 2987 δὲ
702 2925 819 2986 τοῦ
878 2921 1222 3000 ἀςςοτέρου
1278 2921 1518 3002 ἐτράπη
1576 2950 1600 2981 α
1617 2921 1935 3001 ἀςςοτέρω
1991 2922 2286 2988 καθίςαςα
2335 2924 2534 3002 παραὶ
2576 2923 2726 3003 πυρί
2743 2948 2767 2979 »
2815 2920 2969 3004 (od.
3021 2943 3058 3001 ρ
3088 3000 3099 3015 ¹

475 3109 837 3176 ςεςημείωται
873 3110 942 3160 τὸ
980 3107 1254 3175 κάρχαρος
1290 3110 1408 3161 κτλ.
1446 3111 1694 3175 sequitur
1728 3110 2035 3163 Herodiani
2070 3128 2273 3162 canon:
2319 3110 2595 3177 κάρχαρος
2634 3110 2955 3176 βαρύνεται·
2991 3110 3065 3161 τὰ

474 3179 580 3243 γὰρ
616 3179 704 3231 διὰ
738 3180 842 3230 τοῦ
879 3181 1013 3242 fisso-c
1051 3177 1292 3243 ὡςπερεὶ
1316 3178 1807 3243 δεδιπλαςιαςμένα
1836 3178 2196 3243 βαρύνονται,
2237 3176 2550 3246 μάρμαρος,
2581 3178 2884 3245 Γάργαρος,
2923 3177 3063 3243 Τάρ-

475 3261 671 3312 ταρος,
711 3246 996 3312 βάρβαρος.
1067 3246 1254 3299 οὕτως
1290 3246 1394 3299 οὖν
1430 3245 1521 3298 καὶ
1557 3246 1847 3313 κάρχαρος.
2032 3250 2066 3299 l.
2103 3252 2134 3300 3
2172 3247 2443 3313 μαδαρός,
2481 3248 2733 3313 ῥυπαρός
2772 3264 2838 3299 ex
2875 3247 3064 3299 Diehr.

476 3319 594 3378 296,
633 3319 696 3365 19
732 3315 951 3375 addidi,
1000 3314 1283 3380 πλαδαρός
1318 3344 1385 3350 -
1421 3313 1628 3379 ἀκαρό(
1674 3333 1741 3366 ex
1776 3316 1974 3367 Arcad.
2014 3317 2107 3379 87,
2149 3320 2212 3366 10
2255 3317 2459 3367 collato
2495 3318 2559 3370 Ε.
2597 3318 2671 3367 Μ.
2712 3318 2807 3379 26,
2845 3318 2938 3366 293
2993 3314 3064 3366 τὰ
3144 3359 3147 3363 .

477 3383 592 3434 ἀπὸ
628 3384 750 3433 τῶν
787 3381 866 3434 εἰς
902 3385 936 3433 ἆ
972 3383 1063 3434 καὶ
1101 3381 1179 3435 εἰς
1214 3386 1248 3446 ἦ
1287 3385 1553 3448 θηλυκῶν
1589 3383 1676 3435 διὰ
1710 3387 1814 3436 τοῦ
1855 3388 1918 3436 ὅς’
1954 3383 2222 3448 γινόμενα
2266 3383 2521 3448 ὀνόματα
2558 3382 3063 3450 προπαροξύνεται,

478 3450 699 3516 κεφαλή
736 3449 1047 3515 ἀκέφαλος,
1095 3450 1247 3514 ψυχή
1294 3450 1537 3516 ἄψυχος,
1586 3451 1706 3516 ὥρα
1752 3451 1954 3517 ἄωρος.
2025 3453 2344 3517 πρόςκειται
2391 3451 2453 3503 ἐν
2489 3456 2575 3519 τῷ
2623 3454 2846 3516 κανόνι,
2896 3451 2944 3503 εἰ
2990 3453 3064 3516 μὴ

388 3542 392 3546 Α
478 3518 765 3584 χαρακτὴρ
801 3519 1039 3570 κωλύςει
1075 3519 1162 3570 διὰ
1197 3519 1267 3570 τὸ
1303 3519 1444 3585 κάρη
1483 3519 1703 3585 ἀκαρός.
1774 3520 2034 3574 ὀξύνεται
2068 3520 2175 3585 γὰρ
2214 3520 2292 3572 ὡς
2327 3520 2397 3571 τὸ
2436 3520 2680 3587 μαδαρός
2717 3530 2773 3573 et
2811 3538 2862 3587 p.
2889 3523 2974 3583 45,
3003 3523 3067 3569 13

478 3587 685 3651 ἀκαρός
721 3584 971 3651 ςημαίνει
1016 3586 1121 3638 τὸν
1166 3586 1483 3651 ἐγκέφαλον
1531 3589 1564 3652 ἢ
1601 3589 1709 3653 τὴν
1746 3588 2005 3654 κεφαλήν
2051 3589 2142 3639 καὶ
2178 3586 2394 3651 γίνεται
2439 3588 2555 3641 ἀπὸ
2604 3593 2708 3641 τοῦ
2747 3588 2904 3654 κάρη.
2976 3588 3066 3638 καὶ

479 3655 568 3708 διὰ
601 3656 703 3706 τὸν
740 3658 1063 3720 χαρακτῆρα
1099 3654 1359 3708 ὀξύνεται
1395 3655 1473 3708 ὡς
1508 3656 1577 3708 τὸ
1616 3655 1874 3722 μαδαρός.
1911 3686 1977 3692 —-
2013 3656 2045 3708 6
2082 3656 2397 3722 ἐγκέφαλος
2433 3674 2531 3723 pro
2568 3658 2600 3709 6
2638 3658 2836 3721 ἔγκυος
2874 3658 3070 3722 scripsi

480 3741 599 3774 cum
635 3726 771 3773 Lob.
809 3725 974 3777 Proll.
1013 3727 1112 3775 253
1148 3730 1258 3774 not.
1302 3727 1347 3774 1.
1575 3726 1608 3777 l.
1647 3729 1678 3777 8
1723 3724 1994 3789 κύντερο(
2030 3743 2097 3777 ex
2142 3726 2253 3776 levi
2291 3743 2358 3775 ex
2394 3728 2540 3776 Mon.
2576 3730 2668 3791 21,
2707 3730 2799 3788 24,
2836 3724 3067 3788 ὕςτερο(

479 3810 543 3842 ox
583 3792 771 3843 eodem
816 3793 935 3843 loco
973 3792 1180 3841 addens
1228 3807 1295 3841 ex
1330 3794 1431 3857 Ep.
1470 3792 1558 3842 Cr.
1593 3791 1619 3842 I
1654 3796 1755 3845 417
1799 3791 2015 3856 γίνεται
2059 3808 2095 3856 γ
2134 3808 2166 3858 ρ
2202 3822 2268 3829 —-
2305 3792 2599 3858 θέςκελον,
2648 3810 2790 3859 quae
2836 3794 3067 3843 Lehrsio

480 3862 547 3910 nd
592 3862 738 3911 Mon.
783 3860 819 3910 l.
856 3877 903 3911 ο.
948 3859 1360 3910 Ηοτοᾶίειιιοιιιιι
1407 3860 1642 3911 colorem
1695 3861 1903 3912 habere
1949 3862 2224 3913 videntur.
2303 3863 2696 3913 Huiuscemodi
2751 3861 2966 3926 aliquid
3013 3862 3070 3909 in

482 3929 770 3979 Catholica
816 3944 875 3979 se
923 3929 1242 3993 exposuisse
1280 3927 1484 3978 Herod.
1521 3929 1733 3979 indicat
1778 3931 1867 3980 his
1909 3931 2121 3981 verbis:
2168 3928 2302 3981 ἀλλ’
2336 3928 2470 3981 {cmc
2525 3928 2709 3982 αἴτιον
2754 3928 2823 3979 τὸ
2871 3926 3069 3990 πάθος,

483 3996 561 4048 ὡς
598 3994 876 4048 δείκνυται
915 3994 976 4046 ἐν
1023 3993 1232 4058 ἑτέροις
1280 3994 1364 4057 (ut
1410 3996 1629 4046 videtur
1675 3998 1733 4047 in
1770 3998 2109 4062 catholiea),
2156 3997 2293 4049 ἔνθα
2337 3998 2428 4049 καὶ
2474 3997 2602 4062 περὶ
2645 4000 2749 4050 τοῦ
2796 3997 3072 4060 κύντερον

482 4065 623 4117 ἄλλο
648 4064 939 4127 γυναικός,
978 4061 1027 4113 εἰ
1052 4063 1142 4113 καὶ
1168 4064 1531 4127 ςυγκριτικόν.
1582 4066 1653 4116 ef.
1681 4066 1876 4118 LehrS.
1902 4067 2337 4121 adnotationem.
2417 4064 2697 4130 Κρατερός
2733 4082 2800 4116 ox
2827 4065 3073 4129 Theogn.

481 4135 693 4193 addidi,
742 4134 833 4182 ubi
880 4138 1065 4181 tamen
1109 4132 1309 4182 vitiose
1349 4130 1663 4198 Βλαττερός
1712 4136 1977 4201 scriptum
2025 4139 2110 4185 est
2154 4136 2225 4189 cf.
2265 4134 2437 4184 Lehrs
2482 4135 2783 4186 Aristareh.
2832 4150 2884 4199 p.
2921 4131 3071 4183 282².

480 4200 701 4265 ἴκτερος
749 4217 816 4249 ex
853 4200 1049 4249 Choer.
1091 4200 1268 4263 Epim.
1314 4201 1371 4249 in
1409 4201 1610 4253 Psalm.
1643 4205 1735 4261 63,
1773 4206 1805 4253 9
1850 4203 1923 4255 τὰ
1967 4201 2054 4253 διὰ
2097 4205 2200 4254 τοῦ
2246 4217 2408 4266 τερος
2455 4201 2817 4267 τριςύλλαβα,
2866 4199 2916 4252 εἰ
2960 4199 3072 4264 ἔχει

483 4271 591 4333 τὴν
627 4267 805 4332 ἀρχὴν
843 4264 1082 4331 μακράν,
1122 4267 1419 4332 βαρύνεται
1454 4265 1578 4321 οἶον
1611 4269 1903 4335 φίλτερος,
1944 4269 2232 4335 βέλτερος,
2267 4268 2490 4333 ἵκτερος
2526 4271 2618 4321 καὶ
2650 4270 2722 4321 τὰ
2757 4270 2935 4332 ὅμοια.
3004 4268 3075 4319 τὸ

484 4336 754 4401 καρτερός
791 4334 1134 4398 όξυνόμενον
1177 4334 1244 4387 οὐ
1292 4334 1537 4400 μάχεται.
1607 4337 1722 4390 ἀπὸ
1768 4341 1873 4391 τοῦ
1912 4337 2182 4403 κρατερός
2226 4337 2431 4401 γέγονε
2474 4337 2609 4389 καθ’
2644 4335 3074 4402 ύπερβιβαςμόν.

484 4408 567 4455 De
606 4404 876 4468 καρτερός
913 4405 986 4457 cf.
1024 4410 1315 4470 praeterea.
1352 4405 1538 4455 Dichr.
1575 4410 1690 4469 294,
1734 4410 1793 4456 11
1832 4405 1902 4458 τὸ
1939 4406 2210 4472 καρτερός
2245 4404 2542 4469 ὑπέρθεςιν
2580 4406 2693 4470 ἔχει
2732 4413 2788 4457 et
2823 4407 2887 4457 Il.
2922 4407 3076 4456 Pros.

486 4471 530 4525 Α
578 4476 701 4524 280:
758 4471 1053 4537 καρτερόςε
1109 4470 1181 4524 τὰ
1229 4469 1307 4524 εἰς
1350 4477 1516 4538 ‘'re-W
1563 4474 1900 4538 τριςύλλαβα
1947 4473 2244 4539 βαρύνεται
2291 4471 2416 4525 οἷον
2461 4473 2763 4539 ςφέτερος,
2812 4473 3075 4536 πότερος,

486 4539 769 4605 κύντερος.
830 4542 955 4592 πῶς
991 4540 1117 4604 οὐχὶ
1152 4539 1422 4607 κάρτερος
1458 4542 1602 4594 κατὰ
1639 4544 1866 4607 βαρεῖαν
1901 4542 2167 4605 λέγομεν;
2207 4542 2293 4594 ὅτι
2328 4545 2505 4594 τοῦτο
2541 4542 2646 4593 οὐκ
2681 4541 2755 4606 ἦν
2793 4539 2870 4593 εἰς
2915 4556 3078 4605 τερος

486 4607 620 4660 ἀλλ’
656 4608 739 4661 εἰς
775 4611 914 4673 {phi
993 4609 1064 4660 τὸ
1108 4609 1215 4674 γὰρ
1250 4613 1284 4661 ῐ
1320 4610 1424 4662 οὐκ
1461 4610 1524 4662 ἑν
1558 4614 1630 4677 τῇ
1669 4615 1984 4677 παραγωγῇ
2023 4610 2197 4675 ἔςχεν.
2267 4609 2340 4674 ἦν
2384 4610 2492 4675 γὰρ
2535 4609 2650 4662 ἀπὸ
2695 4613 2798 4662 τοῦ
2849 4608 3073 4675 κράτος·

489 4693 567 4746 ὡς
603 4693 718 4747 ἀπὸ
754 4698 856 4745 τοῦ
896 4692 1097 4759 βλάβος
1124 4694 1389 4760 βλαβερός
1426 4694 1493 4746 οὐ
1532 4694 1620 4747 διὰ
1655 4698 1758 4747 τοῦ
1799 4696 1959 4760 βερος
2003 4695 2040 4758 ἡ
2080 4694 2395 4761 παραγωγὴ
2442 4695 2530 4761 (ἐν
2574 4693 2681 4759 γὰρ
2724 4698 2810 4762 τῷ
2856 4709 3078 4760 πρωτο-

487 4779 654 4848 τύπῳ
691 4780 760 4832 τὸ
798 4780 870 4845 β),
909 4779 1094 4832 οὕτως
1132 4780 1222 4832 καὶ
1260 4779 1374 4832 ἀπὸ
1410 4783 1515 4832 τοῦ
1554 4778 1758 4847 κράτος
1797 4780 2067 4846 κρατερός
2113 4780 2200 4832 διὰ
2234 4783 2338 4832 τοῦ
2376 4784 2508 4845 ἐ’ρος
2545 4779 2579 4843 ἡ
2629 4779 2972 4845 παραγωγή,
3011 4780 3079 4831 οὐ

489 4848 576 4900 διὰ
618 4853 722 4901 τοῦ
768 4853 950 4914 τῖρῖΐξ.
1160 4851 1193 4903 l.
1234 4852 1296 4900 19
1345 4848 1636 4914 ἰθύντερος
1684 4850 1904 4915 explevi
1959 4867 2026 4900 ox
2079 4853 2228 4901 Mon.
2275 4851 2365 4911 21,
2411 4852 2502 4911 25;
2552 4847 2827 4913 ἡμέτερος
2872 4877 2938 4883 -·
2983 4862 3080 4899 ‘tte—

488 4915 743 4983 ραίτερος
798 4924 1159 4969 accesserunt
1210 4933 1276 4967 ex
1330 4919 1607 4985 Theogn.,
1660 4917 1970 4983 ταχύτερος
2028 4947 2093 4954 —
2153 4917 2326 4983 παραὶ
2380 4915 2553 4981 πυρί»
2607 4935 2676 4968 ex
2734 4919 2880 4969 Mon.
2936 4918 2971 4968 1.
3014 4935 3081 4981 c.,

2547 5000 2674 5065 13*
2771 4994 2780 4999 ’
