3664 5546
672 283 829 365 274ν
1611 285 1692 341 εκ
1730 286 1870 341 τΩΝ
1914 285 2325 340 ΗΡΩΔιΑΝοΥ

673 461 907 533 δρεια.
996 456 1216 520 πόλεις
1276 456 1715 520 ὀκτωκαίδεκα.
1802 457 2026 533 πρώτη
2077 455 2116 533 ἡ
2169 455 2474 530 Αἰγυπτία
2516 456 2657 533 ἤτοι
2701 455 3010 536 Λίβυςςα,
3054 455 3144 520 ὡς
3200 454 3264 519 οἱ

669 558 937 639 πολλοί,
994 556 1113 621 ἀπ’
1171 558 1590 635 Ἀλεξάνδρου
1644 561 1762 621 τοῦ
1816 557 2157 621 Φιλίππου.
2247 558 2459 621 Ἰάςων
2525 558 2597 620 δὲ
2663 556 2701 620 ὁ
2766 557 2882 621 τὸν
2951 556 3091 636 βίον
3150 561 3263 635 τῆς

564 649 567 650 ’
667 651 972 724 Ἑλλάδος
1030 659 1287 737 γράψας
1342 659 1412 723 ἐν
1475 658 1531 722 δ’
1577 660 1794 742 βιβλίῳ
1850 659 2001 739 φηςί
2057 660 2213 723 «τὸν
2271 660 2386 738 μὲν
2431 657 2553 722 οὖν
2597 658 2803 722 τόπον
2846 661 2959 734 τῆς
3004 659 3261 722 πόλεως

669 761 833 840 ὄναρ
879 761 1396 840 ἑχρηςμοδοτήθη
1443 760 1651 825 οὕτως

605 870 655 919 ὃ.
1070 865 1262 940 νῆςος
1306 862 1527 926 ἔπειτά
1569 862 1657 926 τίς
1702 862 1825 925 ἑςτι
1852 862 2286 943 ιπολυκλύςτῳ
2332 861 2429 925 ἑνὶ
2471 861 2725 944 πόντῳ,
2831 892 2841 897 -

1067 963 1389 1039 Αἰγύπτου
1433 963 1870 1045 προπάροιθε,
1917 962 2139 1040 Φάρον
2186 963 2257 1026 δέ
2302 962 2334 1025 ἑ
2377 964 2824 1042 κικλήςκουςιν.

671 1065 956 1129 ἐκέλευςε
1014 1067 1084 1128 δὲ
1142 1064 1521 1144 διαγράφειν
1578 1067 1654 1129 τὸ
1712 1069 1916 1143 ςχῆμα
1959 1063 2112 1128 τοὺς
2157 1063 2634 1142 ἀρχιτέκτονας·
2693 1063 2813 1128 οὐκ
2866 1062 3129 1141 ἔχοντες
3183 1065 3252 1126 δὲ

669 1167 898 1244 λευκὴν
952 1169 1073 1243 γῆν
1130 1166 1425 1246 ἀλφίτοις
1480 1167 1869 1246 διέγραφον,
1935 1165 2185 1243 ὄρνιθες
2254 1167 2324 1228 δὲ
2380 1165 2811 1229 καταπτάντες
2875 1165 2954 1228 τὰ
3020 1164 3254 1243 ἄλφιτα

666 1266 904 1348 αἴφνης
934 1269 1302 1346 διήρπαςαν.
1342 1269 1676 1346 ταραχθεὶς
1708 1265 1828 1331 οὖν
1863 1268 2298 1361 Ἀλέξανδρος,
2324 1266 2388 1330 οἱ
2419 1267 2670 1345 μάντεις
2702 1269 2963 1344 θαρρεῖν
2994 1265 3250 1341 ἔλεγον·

573 1374 632 1422 10
667 1370 930 1434 πάντων
974 1370 1097 1447 γὰρ
1141 1371 1257 1447 τὴν
1301 1370 1493 1433 πόλιν
1538 1369 1790 1447 τροφὸν
1837 1368 2256 1446 γενήςεςθαι».
2318 1371 2515 1432 ταῦτα
2550 1370 2653 1432 καὶ
2683 1368 3013 1446 Ἀρριανὸς
3032 1365 3246 1452 (Exp.

668 1468 863 1532 Alex.
908 1470 970 1550 3,
1016 1469 1090 1548 2,
1141 1469 1266 1550 19).
1355 1470 1622 1547 δευτέρα
1675 1470 1802 1533 ἐςτὶ
1854 1470 2040 1534 πόλις
2083 1469 2345 1550 Τροίας,
2401 1470 2548 1547 περὶ
2591 1468 2665 1546 ἧς
2708 1469 3125 1547 Δημοςθένης
3181 1468 3250 1532 ἐν

667 1573 948 1655 τετάρτῳ
995 1572 1403 1635 Βιθυνιακῶν.
1470 1570 1644 1650 τρίτη
1690 1572 1941 1653 Θρᾴκης
1985 1572 2148 1657 πρὸς
2192 1579 2267 1654 τῇ
2316 1571 2715 1654 Μακεδονίᾳ,
2761 1571 2839 1647 ἣν
2884 1570 3081 1634 ἔκτιςε
3125 1571 3249 1647 πρὸ
3327 1612 3331 1616 «

666 1677 776 1751 τῆς
821 1673 1093 1752 μεγάλης
1127 1671 1596 1751 Ἀλεξανδρείας
1637 1673 2052 1736 ἑπτακαίδεκα
2082 1674 2176 1737 ὢν
2219 1672 2398 1737 ἑτῶν.
2453 1671 2718 1750 τετάρτη
2749 1672 2934 1735 πόλις
2966 1670 3248 1751 Ὠριτῶν,

668 1775 913 1864 ἔθνους.
939 1773 1409 1855 Ἰχθυοφάγων,
1455 1772 1613 1837 κατὰ
1668 1775 1784 1838 τὸν
1840 1774 2195 1852 περίπλουν
2240 1777 2351 1849 τῆς
2393 1773 2663 1852 Ἰνδικῆς.
2750 1774 3001 1851 πέμπτη
3056 1771 3126 1837 ἐν
3176 1778 3248 1854 τῇ

568 1881 628 1948 15
665 1874 965 1958 Ὠπιανῇ,
995 1875 1154 1938 κατὰ
1185 1876 1300 1952 τὴν
1334 1874 1612 1952 Ἰνδικήν.
1665 1875 1809 1953 ἕκτη
1842 1875 2035 1939 πάλιν
2067 1875 2339 1953 Ἰνδικῆς.
2385 1874 2619 1954 ἑβδόμη
2664 1874 2735 1939 ἐν
2781 1873 3040 1955 Ἀρίοις,
3085 1871 3248 1938 ἔθνει

663 1975 1052 2055 Παρθυαίων
1085 1976 1241 2039 κατὰ
1270 1977 1385 2053 τὴν
1419 1975 1695 2053 Ἰνδικήν.
1728 1976 1929 2053 ὀγδόη
1961 1979 2071 2054 τῆς
2097 1976 2380 2040 Κιλικίας.
2413 1975 2605 2053 ἐνάτη
2637 1974 2707 2039 ἑν
2742 1975 2992 2058 Κύπρῳ.
3024 1974 3247 2052 δεκάτη

662 2079 827 2156 πρὸς
870 2083 963 2162 τῷ
1006 2076 1236 2160 Λάτμῳ
1281 2080 1391 2153 τῆς
1426 2076 1667 2154 Καρίας.
1726 2077 2029 2155 ἑνδεκάτη
2076 2079 2234 2141 κατὰ
2280 2078 2542 2154 Βάκτρα.
2601 2076 2926 2155 δωδεκάτη
2970 2077 3042 2140 ἐν
3074 2077 3247 2154 Ἀρα-

662 2181 911 2257 χώτοις.
969 2178 1434 2257 τριςκαιδεκάτη
1467 2178 1537 2242 ἐν
1573 2179 1957 2261 Μακαρήνῃ,
1989 2180 2068 2257 ἣν
2099 2180 2415 2257 παραρρεῖ
2440 2180 2728 2258 ποταμὸς
2761 2176 3074 2256 Μαξάτης.
3118 2198 3247 2242 τες-

662 2281 1180 2359 ςαρεςκαιδεκάτη
1210 2280 1385 2357 παρὰ
1415 2277 1794 2361 (ωριανοῖς,
1843 2281 2079 2364 Ἰνδικῷ
2109 2279 2295 2343 ἔθνει.
2348 2279 2877 2358 πεντεκαιδεκάτη
2908 2280 3084 2358 παρὰ
3114 2282 3246 2343 τοῖς

558 2395 626 2444 20
664 2382 1076 2463 Ἀραχώτοις,
1124 2381 1450 2460 ὁμοροῦςα
1480 2388 1554 2464 τῇ
1602 2381 1840 2465 Ἰνδικῇ.
1887 2360 2289 2459 ἑκκαιδεκάτη
2335 2381 2494 2444 κατὰ
2538 2382 2655 2445 τὸν
2688 2381 2956 2445 Μέλανα
2985 2381 3244 2445 κόλπον.

659 2482 1153 2561 ἑπτακαιδεκάτη
1199 2483 1270 2547 ἐν
1314 2489 1392 2566 τῇ
1425 2479 1739 2564 (ογδιανῇ
1770 2482 1946 2559 παρὰ
1975 2482 2559 2561 Παροπαμιςάδαις.
2606 2482 3110 2560 ὀκτωκαιδεκάτη
3145 2481 3248 2546 ἐπὶ

658 2588 775 2648 τοῦ
815 2584 1132 2648 Τανάϊδος
1172 2584 1373 2648 αὐτοῦ
1415 2584 1662 2668 κτίςμα,
1720 2584 1810 2647 ῶς
1856 2583 1926 2646 ἐν
1971 2589 2062 2666 τῷ
2106 2584 2298 2668 τρίτῳ
2343 2583 2748 2662 Πτολεμαῖος
2793 2583 3245 2664 ἀποφαίνεται·

660 2686 787 2748 ἔςτι
817 2686 918 2749 καὶ
947 2686 1145 2749 τόπος
1177 2685 1248 2748 ἐν
1278 2692 1353 2767 τῇ
1397 2684 1526 2767 Ἴδῃ
1570 2691 1646 2769 τῇ
1677 2684 1926 2767 Τρωῖκῇ
1973 2684 2412 2762 Ἀλεξάνδρεια
2458 2685 2834 2765 λεγόμενος,
2881 2684 2951 2749 ἐν
2996 2685 3050 2768 ᾧ
3097 2704 3256 2765 φαςι·

658 2789 775 2852 τὸν
818 2788 1028 2866 Πάριν
1074 2790 1385 2865 διακρῖναι
1431 2787 1543 2850 τὰς
1589 2786 1767 2868 θεάς,
1816 2786 1907 2850 ώς
1937 2786 2336 2866 Τιμοςθένης.
2399 2788 2851 2851 Καυκώνεια
2894 2788 3074 2865 χώρα
3115 2791 3245 2851 τῶν

557 2903 622 2952 25
663 2890 1024 2953 Καυκώνων
1069 2888 1200 2952 ἀπὸ
1256 2891 1367 2964 τῆς
1416 2887 1756 2951 Καύκωνος
1808 2890 2058 2964 γενικῆς
2115 2888 2206 2951 ώς
2258 2889 2686 2965 Μαρώνεια
2729 2889 2914 2952 πόλις
2963 2888 3244 2953 Κικονίας

657 2991 814 3055 κατὰ
858 2992 975 3068 τὴν
1021 2989 1091 3054 ἐν
1123 2990 1339 3071 Θρᾴκῃ
1371 2988 1776 3067 χερρόνηςον.
1834 2988 2157 3055 Ἑκαταῖος
2187 2988 2460 3073 Εὐρώπῃ
2508 2989 2618 3054 «ἐν
2651 2992 2721 3054 δὲ
2754 2992 2939 3069 λιμὴν
2971 2990 3244 3070 Ἰςμαρίς,

657 3092 728 3156 ἐν
774 3093 845 3157 δὲ
892 3091 1240 3167 Μαρώνεια
1282 3091 1529 3154 πόλις».
1606 3090 2052 3167 Χαιρώνεια
2095 3090 2282 3155 πόλις
2329 3092 2494 3168 πρὸς
2536 3094 2673 3155 τοῖς
2718 3091 2898 3169 ὅροις
2940 3091 3242 3156 Φωκίδος.

657 3192 980 3257 Ἑκαταῖος
1010 3191 1281 3275 Εὐρώπῃ
1315 3192 1425 3255 «ἑν
1456 3191 1527 3254 δὲ
1561 3191 1918 3269 Χαιρώνεια
1946 3192 2133 3255 πόλις
2164 3193 2241 3256 τὰ
2270 3197 2532 3270 πρῶτα»
2550 3242 2729 3256 .......
2763 3192 3115 3272 «Ἀθηναῖοι
3145 3194 3244 3255 καὶ

659 3292 724 3356 οἱ
782 3294 924 3373 μετ’
977 3291 1192 3357 αὐτῶν
1250 3293 1355 3356 ἐπὶ
1419 3292 1573 3356 τοὺς
1630 3292 2197 3372 Ὀρχομενίζοντας
2265 3298 2396 3358 τῶν
2464 3295 2764 3359 Βοιωτῶν
2827 3294 3241 3374 ἐπερχόμενοι

556 3404 624 3454 3ss
659 3396 763 3459 καὶ
794 3394 1189 3472 Χαιρώνειαν
1233 3394 1424 3458 πόλιν
1456 3392 1888 3473 Ὀρχομενίων
1934 3393 2170 3459 εἷλον».
2227 3394 2458 3474 ἐκλήθη
2503 3394 2634 3459 ἀπὸ
2682 3395 3028 3473 Χαίρωνος.
3086 3396 3239 3473 Ἀρι-

658 3495 981 3575 ςτοφάνης
1048 3495 1119 3558 ἐν
1192 3497 1554 3560 Βοιωτικῶν
1621 3497 1903 3579 δευτέρῳ
1964 3496 2252 3572 «λέγεται
2320 3496 2388 3560 δ’
2442 3496 2715 3574 οἰκιςτὴν
2778 3496 3064 3573 γενέςθαι
3128 3499 3242 3561 τοῦ

659 3597 1043 3677 πολίςματος
1110 3597 1407 3675 Χαίρωνα
1421 3621 1500 3675 ³⁹.⁴
1564 3597 1853 3662 ἐκαλεῖτο
1930 3600 2000 3661 δὲ
2067 3597 2106 3675 ἡ
2173 3598 2359 3662 πόλις
2422 3599 2525 3662 καὶ
2576 3598 2774 3677 Ἄρνη
2818 3600 2895 3663 τὸ
2951 3597 3239 3677 ἀρχαῖον.
3323 3656 3330 3661 .

658 3697 811 3762 ὅθεν
854 3698 958 3761 καὶ
999 3697 1283 3776 Ὅμηρος
1326 3705 1402 3780 τῇ
1457 3696 1845 3782 ἀρχαιοτέρα
1901 3699 2210 3776 ἐχρήςατο
2267 3699 2606 3783 ὀνομαςίᾳ,
2659 3701 2876 3764 καθότι
2919 3698 3238 3778 Αἴγυπτον

657 3799 774 3863 τὸν
818 3799 1110 3878 ποταμὸν
1154 3798 1369 3882 εἶπεν,
1425 3801 1505 3863 οὐ
1553 3799 1804 3863 Νεῖλον.
1894 3801 1996 3863 καὶ
2049 3803 2383 3879 πανταχοῦ
2425 3785 2568 3869 τοῖς
2606 3800 3048 3881 ἀρχαιοτέροις
3092 3799 3239 3865 ὀνό-

557 3909 621 3960 35
658 3920 798 3979 μαςι
842 3904 1082 3979 χρῆται.
1175 3900 1672 3979 Κωςτάντεια
1724 3900 1763 3978 ἡ
1810 3904 1929 3965 νῦν
1974 3901 2045 3966 ἐν
2094 3902 2326 3986 Κύπρῳ
2373 3901 2667 3981 (αλαμίσ
2727 3902 2855 3967 ἔςτι
2908 3903 3011 3966 καὶ
3055 3903 3238 3980 Βρετ-

655 4002 789 4065 τίας
865 4001 1059 4084 ἄλλη,
1138 4001 1227 4064 ώς
1303 4002 1649 4066 Διονύςιος
1724 4001 2288 4088 ἐννεακαιδεκάτῳ,
2345 4003 2692 4083 Ῥωμαῖκῆς
2772 4002 3238 4082 ἀρχαιολογίας.

656 4102 913 4182 εὕρηται
957 4104 1060 4166 καὶ
1102 4103 1207 4166 διὰ
1250 4106 1367 4165 τοῦ
1409 4105 1465 4166 V.
1558 4103 1988 4169 Βυζάντεια
2043 4105 2082 4182 ἡ
2138 4105 2335 4183 χώρα.
2422 4104 2689 4169 Αἴνεια
2742 4105 2945 4169 τόπος
2991 4105 3238 4186 Θρᾴκης

634 4202 786 4268 ’ἀπὸ
844 4203 1111 4268 Αἰνείου.
1202 4203 1385 4268 Θέων
1445 4204 1511 4267 δ’
1561 4204 1894 4277 Αἰνειάδας
1949 4205 2185 4284 ταύτην
2251 4209 2460 4289 καλεῖ,
2528 4206 3056 4285 ὑπομνηματίζων
3121 4205 3237 4269 τὸν

654 4305 1044 4385 Λυκόφρονα
1087 4306 1180 4387 (v.
1231 4305 1421 4387 1263)
1469 4306 1752 4372 «Αἰνείας
1795 4308 1867 4371 δὲ
1913 4307 2069 4386 μετὰ
2112 4307 2228 4385 τὴν
2274 4307 2457 4371 Ἰλίου
2501 4307 2807 4385 πόρθηςιν
2852 4306 2941 4372 εἰς
2984 4307 3237 4388 Θρᾴκην

552 4415 619 4466 40
655 4406 1048 4485 παρεγένετο
1094 4408 1195 4471 καὶ
1226 4407 1421 4472 ἔκτιςε
1463 4408 1656 4473 πόλιν
1686 4408 2047 4491 Αἰνειάδας,
2093 4407 2263 4472 ὅπου
2293 4409 2408 4472 τὸν
2438 4408 2685 4487 πατέρα
2713 4407 2976 4488 ἔθαψε».
3020 4406 3237 4472 Αἰνία

530 4550 536 4557 ·
652 4509 725 4572 δὲ
781 4509 887 4572 διὰ
940 4511 1056 4571 τοῦ
1100 4505 1133 4571 ἴ
1175 4510 1361 4573 πόλις
1412 4509 1808 4589 Περραιβῶν.
1899 4509 2178 4574 Αἴπεια
2230 4509 2417 4572 πόλις
2460 4509 2823 4587 Λακωνικῆς
2878 4508 3120 4586 «καλήν
3174 4507 3239 4571 τ’

649 4608 914 4673 Αἴπειαν
958 4609 1060 4673 καὶ
1100 4610 1446 4688 Πήδαςον»
1494 4608 1604 4692 (Il.
1639 4611 1652 4673 Ι
1692 4610 1860 4695 152).
1926 4610 2052 4675 ἔςτι
2097 4611 2198 4675 καὶ
2241 4609 2427 4687 ἑτέρα
2474 4612 2746 4689 Κύπρου.
2792 4610 2965 4689 τρίτη
3000 4609 3238 4687 Κρήτης

654 4709 743 4772 ὡς
789 4706 1165 4774 Ἑλλάνικος.
1258 4701 1669 4790 Ἀγάμμεια
1713 4710 1876 4789 ἄκρα
1920 4713 2022 4776 καὶ
2067 4713 2250 4790 λιμὴν
2296 4712 2442 4789 περὶ
2486 4714 2599 4790 τὴν
2647 4712 2915 4795 Τροίαν,
2971 4710 3060 4774 ὡς
3106 4710 3234 4774 Ἑλ-
