3664 5546
1138 407 1297 462 Περι
1340 400 1731 458 κΑοοΛικΗς
1767 398 2192 454 ΠΡοςΩιΔιΑς
2232 398 2303 451 ιε.
2895 396 3023 459 479

432 588 524 666 τῷ
570 584 911 660 χαρακτῆρι
975 551 1106 645 τῶν
1165 578 1408 657 ὁμοίων
1464 577 1583 637 τοῦ
1639 570 2011 636 ἀλλοδαπός
2060 569 2163 633 καὶ
2217 567 2635 633 παντοδαπός
2686 567 2789 630 καὶ
2842 569 3048 644 τηλε-ο

432 684 653 747 δαπός.
1371 686 1381 696 ’

1376 896 1573 974 Περὶ
1616 893 2079 972 προθέςεως.

598 1039 908 1116 Πρόθεςις
952 1035 1193 1115 εἴρηται
1249 1034 1319 1098 ἐκ
1372 1036 1489 1097 τοῦ
1543 1031 1744 1107 πάςης
1790 1029 2024 1094 λέξεως
2067 1026 2310 1089 ἐθέλειν
2363 1026 2797 1107 προτίθεςθαι,
2854 1025 3023 1101 λέγω

432 1144 501 1205 δὲ
558 1139 898 1218 ὀνομάτων
953 1138 1134 1216 περὶ
1188 1131 1729 1214 Ἀριςτάρχου,
1804 1129 2102 1208 ῥημάτων
2160 1128 2665 1209 καταγράφω,
2730 1131 3082 1205 μετοχῶν5

433 1242 944 1321 καταγράψας
985 1275 1072 1286 —
1116 1239 1389 1316 λέγομεν
1432 1238 1502 1301 δὲ
1534 1235 1632 1299 ὅτι
1664 1232 1783 1297 οὐκ
1812 1231 1979 1295 ἔςτιν
2010 1232 2049 1308 ἡ
2081 1229 2240 1294 κατά
2274 1231 2569 1309 πρόθεςις
2613 1230 2684 1294 ἐν
2714 1237 2807 1314 τῷ
2838 1249 3024 1293 κατα-

430 1346 698 1428 γράφω,
757 1327 1200 1424 καταγράψας,
1258 1338 1425 1404 ἀλλὰ
1470 1338 1660 1416 μέρος
1712 1334 1840 1398 ἑςτὶ
1880 1337 1999 1397 τοῦ
2057 1331 2365 1416 ῥήματος,
2422 1331 2476 1396 εἰ
2519 1333 2622 1396 καὶ
2665 1333 2820 1411 μετὰ
2864 1352 3023 1409 προ-

432 1447 663 1510 θέςεως
718 1445 976 1521 ἐγένετο
1031 1443 1070 1519 ἡ
1116 1444 1411 1507 ςύνθεςις.
1486 1438 1698 1515 ὥςπερ
1741 1436 1867 1513 γὰρ
1923 1434 1994 1498 ἐν
2037 1441 2129 1518 τῷ
2176 1435 2441 1513 εὐγενής
2486 1434 2606 1498 οὐκ
2649 1435 2776 1499 ἔςτι
2820 1436 2896 1498 τὸ
2941 1437 3025 1498 ε“υ

432 1548 775 1630 ἐπίρρημα,
828 1546 994 1611 ἀλλὰ
1038 1545 1228 1624 μέρος
1273 1541 1530 1617 ἐγένετο
1575 1542 1692 1601 τοῦ
1737 1535 2091 1618 ὀνόματος,
2147 1536 2200 1601 εἰ
2255 1538 2357 1601 καὶ
2412 1534 2543 1600 ἀπὸ
2601 1533 3025 1614 ἐπιρρήματος

432 1650 692 1725 ἐγένετο
736 1649 776 1727 ἡ
822 1649 1129 1728 ςύνθεςις,
1188 1644 1358 1708 οὕτω
1402 1642 1504 1706 καὶ
1549 1641 1619 1704 ἐν
1663 1647 1755 1722 τῷ
1800 1638 2193 1717 καταγράφω
2239 1638 2319 1703 οὐ
2365 1639 2669 1719 λέγομεν,
2724 1637 2822 1700 ὅτι
2865 1635 3023 1715 πρό·-
3065 1644 3128 1694 10

435 1754 598 1816 θεςίς
649 1751 812 1816 ἐςτιν
867 1750 907 1828 ἡ
964 1747 1155 1831 κατά,
1210 1744 1378 1811 ἀλλὰ
1434 1743 1625 1821 μέρος
1678 1744 1795 1805 τοῦ
1854 1740 2162 1836 ῥήματος,
2218 1744 2273 1808 εἰ
2327 1746 2430 1832 καὶ
2482 1740 2615 1804 ἀπὸ
2659 1739 3025 1818 προθέςεως

433 1854 692 1930 ἐγένετο
719 1852 760 1930 ’ἡ
794 1851 1071 1915 ςύνθεςις
1098 1884 1185 1894 -
1220 1848 1639 1925 ἀντωνυμιῶν
1680 1845 1859 1922 περὶ
1902 1843 2126 1925 ἐμοῦ,
2172 1858 2429 1938 ἄρθρων
2459 1856 2589 1917 τῶν
2620 1846 3025 1919 προτατικῶν

433 1957 610 2034 περὶ
652 1957 790 2019 τοῦ
834 1952 1173 2032 ςτεφάνου.

601 2078 639 2112 ÷÷
689 2055 966 2133 Οὐδεμία
1007 2054 1302 2130 πρόθεςις
1347 2050 1451 2115 διὰ
1496 2049 1719 2113 δαςέος
1765 2047 2118 2126 ςυμφώνου
2173 2044 2538 2126 ἐκφέρεται,
2596 2043 2763 2109 ἀλλὰ
2818 2045 3022 2124 μόνον

434 2160 508 2223 τὸ
553 2157 766 2238 ἀμφί.
808 2227 821 2238 ,
855 2156 1102 2231 λέγεται
1158 2153 1223 2216 δ’
1280 2153 1415 2216 ἔςθ’
1471 2152 1580 2215 ὅτε
1635 2151 1737 2214 καὶ
1792 2147 1980 2228 ἀμπί
2037 2147 2108 2212 ἐν
2164 2147 2439 2211 ςυνθέςει
2495 2146 2600 2209 διὰ
2653 2150 2772 2210 τοῦ
2827 2152 2877 2209 if
2923 2147 3026 2210 καὶ
3063 2154 3125 2204 15

432 2260 583 2325 ἴςως
628 2258 1147 2335 ἀναλογώτερον.

604 2380 644 2415 -κ-
690 2359 969 2437 Οὐδεμία
1012 2358 1307 2435 πρόθεςις
1362 2354 1843 2434 μονοςύλλαβος
1899 2352 1987 2416 εἰς
2029 2355 2295 2430 φωνῆεν
2342 2350 2552 2432 λήγει,
2608 2349 2774 2415 ἀλλὰ
2819 2350 3022 2429 μόνον

433 2463 472 2540 ἡ
519 2461 686 2540 πρό.
2113 2473 2122 2479 ’

608 2587 646 2621 ιι
692 2560 971 2638 Οὐδεμία
1014 2559 1311 2637 πρόθεςις
1354 2558 1442 2622 εἰς
1487 2560 1758 2621 διπλοῦν
1805 2556 2015 2637 λήγει,
2061 2554 2228 2618 ἀλλὰ
2273 2553 2434 2632 μόνη
2479 2555 2518 2632 ἡ
2564 2554 2652 2620 ἐξ.

609 2687 647 2722 ιε
690 2663 764 2726 Αἱ
809 2661 898 2725 εἰς
940 2665 983 2723 ἃ
1028 2662 1332 2738 λήγουςαι
1377 2660 1707 2737 προθέςεις
1753 2657 2103 2737 ςύμφωνον
2138 2656 2351 2734 ἔχουςι
2397 2657 2526 2734 πρὸ
2570 2660 2688 2720 τοῦ
2733 2659 2808 2738 ἃ,
2854 2654 3021 2720 ἀλλὰ
3057 2663 3125 2712 20

438 2765 599 2845 μόνη
645 2765 685 2844 ἡ
731 2764 858 2827 διά
902 2763 977 2827 τὸ
1023 2764 1064 2825 fx
1108 2761 1458 2839 καθαρεύει.

607 2888 644 2922 οε
694 2864 974 2944 Οὐδεμία
1017 2864 1309 2942 πρόθεςις
1340 2863 1715 2944 διςύλλαβος
1744 2862 1834 2926 εἰς
1866 2862 2218 2941 ςύμφωνον
2249 2862 2619 2944 καταλήγει,
2665 2862 2831 2925 ἀλλὰ
2863 2861 3024 2941 μόνη

438 2971 476 3050 ἡ
524 2969 732 3046 ὑπέρ.

604 3089 643 3125 ³⁶
691 3067 765 3133 Αἱ
808 3070 969 3147 ὑπὲρ
1015 3068 1160 3148 μίαν
1206 3068 1522 3147 ςυλλαβὴν
1578 3067 1909 3145 προθέςεις
1952 3065 2040 3131 εἰς
2085 3068 2349 3146 φωνῆεν
2406 3066 2665 3142 λήγουςι
2720 3065 3024 3143 δίχρονον

440 3172 914 3251 ὑπεςταλμένης
958 3173 1070 3248 τῆς
1117 3167 1266 3233 άπό
1311 3170 1414 3232 καὶ
1457 3168 1634 3232 ὑπό·
1680 3168 2162 3247 ἀναλογώτεροι
2207 3167 2331 3245 ἄρα
2376 3167 2438 3230 οἱ
2468 3166 2716 3231 Αἰολεῖς
2748 3169 2864 3246 τὴν
2896 3167 3023 3232 ὑπό
3058 3172 3126 3223 25

439 3274 590 3337 ὕπα
635 3274 966 3355 λέγοντες,
1022 3274 1139 3350 τὴν
1186 3273 1256 3335 δὲ
1301 3268 1432 3334 ἀπό
1478 3270 1661 3353 ἄπυ,
1715 3270 1866 3335 ἴςως
1906 3268 2015 3334 ἵνα
2058 3270 2135 3334 τὸ
2192 3275 2229 3333 ῡ
2275 3271 2568 3348 ληκτικὸν
2611 3270 2869 3347 γένηται
2913 3272 3025 3347 τῆς

436 3377 797 3454 προθέςεως
845 3375 933 3438 ὡς
976 3375 1051 3438 τὸ
1096 3377 1137 3436 ἇ
1181 3373 1283 3436 καὶ
1322 3373 1370 3436 ῖ.

605 3479 791 3541 Πᾶςα
835 3478 1128 3553 πρόθεςις
1180 3474 1306 3538 εἴτε
1363 3475 1876 3554 μονοςύλλαβος*
1897 3473 2024 3538 εἴτε
2079 3475 2455 3554 διςύλλαβος
2510 3472 2800 3540 ὀξύνεται
2842 3510 2928 3520 —-
2972 3473 3026 3537 εἰ

441 3581 520 3657 μὴ
567 3580 725 3641 κατὰ
769 3577 1183 3657 ἀναςτροφὴν
1227 3579 1721 3656 παραληφθῶςι·
1766 3577 1911 3640 τότε
1955 3577 2077 3653 γὰρ
2125 3576 2508 3656 βαρύνονται
2552 3577 2616 3640 αἱ
2661 3577 3025 3657 διςύλλαβοι

442 3678 586 3744 οἷον
635 3678 860 3743 «ἄςτυ
914 3680 1114 3742 κάτα
1157 3677 1484 3743 Ξάνθοιο»
1527 3714 1616 3725 -
1670 3678 1820 3743 ὅθεν
1879 3679 1983 3742 καὶ
2027 3678 2065 3755 ἡ
2122 3676 2275 3742 ἀπό
2328 3680 2431 3759 καὶ
2485 3678 2666 3760 ὑπό,
2722 3682 3021 3758 μηδεμιᾶς
3055 3680 3126 3732 30

442 3782 754 3861 ληγούςης
800 3781 1030 3845 λέξεως
1075 3781 1162 3843 εἰς
1207 3783 1247 3843 ὅ
1291 3780 1709 3861 ὀξυνομένης,
1767 3781 1871 3844 διᾶ
1914 3782 1989 3843 τὸ
2035 3778 2200 3844 εἶναι
2255 3782 2584 3859 προθέςεις
2628 3778 3024 3859 ὠξύνθηςαν·

442 3884 542 3948 διὸ
589 3882 1004 3961 ςημειούμεθα
1047 3884 1163 3960 τήν
1209 3882 1367 3945 αὐτό
1413 3881 1849 3964 ἀντωνυμίαν,
1910 3881 2008 3946 ὅτι
2063 3882 2311 3961 ὠξύνθη
2367 3884 2473 3947 διὰ
2515 3884 2630 3960 τὴν
2676 3883 2868 3947 αὐτός
2911 3880 3022 3973 ἀρ-

441 4206 531 4257 καί
568 4206 661 4256 ἐπὶ
697 4204 895 4256 ἔθνους
930 4202 1158 4255 τίθεται.
1328 4206 1363 4255 l.
1398 4208 1431 4254 4
1469 4206 1838 4255 definitionem
1864 4205 2295 4271 praepositionis
2329 4206 2386 4254 in
2424 4205 2604 4255 fronte
2637 4206 2801 4256 huius
2828 4206 3021 4257 sectio-

440 4276 527 4325 nis
565 4276 751 4340 posui3
798 4275 873 4324 10.
910 4274 994 4322 Al.
1032 4290 1151 4323 eam
1197 4273 1409 4323 demum
1455 4275 1693 4338 profert,
1740 4280 2031 4339 postquam
2081 4274 2147 4323 de
2186 4277 2420 4322 accentu
2466 4273 2632 4336 dixit,
2679 4274 2764 4323 bis
2809 4275 3020 4324 verbis:

443 4360 494 4407 p.
531 4345 613 4404 26,
652 4346 679 4392 7
720 4341 805 4392 ὅτι
844 4341 945 4404 μὲν
982 4339 1085 4391 οὖν
1122 4339 1417 4391 ὀξύνονται
1453 4340 1508 4391 αἱ
1547 4340 1861 4405 προθέςεις,
1902 4339 2157 4404 εἴπομεν·
2205 4340 2293 4391 διὰ
2328 4338 2384 4391 τί
2418 4339 2479 4391 δὲ
2518 4340 2803 4405 προθέςεις
2841 4339 3022 4407 εἴρην-

440 4424 557 4470 ται;
597 4409 658 4461 ἐκ
695 4412 798 4461 τοῦ
839 4407 1015 4473 πάςης
1052 4410 1171 4459 κτλ.
1219 4437 1282 4444 --
1331 4408 1366 4458 l.
1403 4411 1433 4457 6
1470 4408 1708 4472 λέγομεν
1744 4407 1805 4459 δὲ
1844 4409 1932 4460 ὅτι
1975 4408 2078 4460 οὐκ
2113 4408 2261 4460 ἐςτιν
2296 4437 2362 4444 —
2400 4410 2436 4462 l.
2477 4413 2535 4459 11
2583 4409 2618 4474 ή
2658 4410 2902 4461 ςύνθεςις
2942 4413 3022 4459 in·

443 4480 601 4527 sorni·
626 4495 692 4527 ex
726 4478 929 4529 Herod.
968 4494 1055 4543 ap.
1092 4478 1289 4527 Choer.
1324 4477 1473 4526 Dict.
1511 4481 1639 4540 522,
1687 4493 1851 4542 quum
1895 4478 2070 4528 simile
2110 4478 2239 4543 quid
2277 4479 2446 4528 etiam
2489 4478 2592 4527 hoc
2628 4479 2773 4539 loco,
2818 4495 2927 4528 non
2964 4479 3020 4528 in

444 4545 582 4595 libro
619 4545 746 4609 περὶ
783 4543 1053 4610 ῥημάτων
1090 4552 1305 4595 tantum
1342 4545 1668 4596 disseruisse
1706 4547 2084 4596 Herodianum
2124 4563 2190 4596 ex
2230 4546 2410 4597 Schol.
2461 4546 2530 4596 ad
2566 4548 2795 4612 Dionys.
2835 4564 2886 4613 p.
2922 4549 3022 4597 926

445 4627 593 4677 seqq.
628 4614 925 4664 coniectari
959 4614 1142 4663 liceat.
1284 4613 1320 4662 l.
1358 4615 1421 4662 14
1456 4615 1810 4679 transscripsi
1847 4632 1915 4665 ex
1949 4617 2097 4667 Mon.
2133 4616 2226 4675 45,
2263 4616 2329 4665 25
2377 4614 2451 4664 ef.
2487 4616 2587 4678 Ep.
2628 4616 2717 4666 Cr.
2754 4616 2781 4665 1
2817 4618 2900 4677 67,
2940 4618 3019 4665 19.

579 4681 615 4735 l.
654 4685 852 4731 19—23
890 4698 957 4731 ex
994 4681 1185 4732 eodem
1220 4681 1633 4731 Monadicorum
1676 4682 1796 4732 loco
1845 4683 2055 4748 recepi,
2103 4684 2138 4733 l.
2175 4684 2376 4732 24—27
2415 4699 2478 4733 ex
2515 4684 2615 4748 Ep.
2656 4683 2742 4733 Cr.
2781 4684 2808 4733 1
2842 4686 2933 4746 68,
2972 4686 3021 4731 6.

446 4745 654 4798 Similia
690 4749 982 4799 traduntur
1015 4751 1075 4799 in
1111 4749 1292 4799 Schol.
1329 4750 1401 4799 ad
1436 4752 1663 4813 Dionys,
1704 4767 1753 4815 p.
1791 4753 1892 4800 929
1928 4766 2079 4815 seqq.
2219 4750 2256 4801 1.
2296 4751 2482 4801 28--1,
2509 4753 2541 4801 5
2577 4768 2704 4817 pag.
2743 4769 2854 4818 seq.
2893 4756 3024 4801 sunt

448 4830 515 4863 ox
550 4814 628 4868 10.
653 4816 736 4869 Al.
774 4820 862 4877 25,
902 4822 966 4868 33
1002 4819 1227 4867 insertis
1265 4818 1425 4867 initio
1463 4819 1646 4868 verbis
1683 4815 1797 4868 εἴτε
1836 4817 2248 4881 μονοςύλλαβος
2285 4816 2399 4869 εἴτε
2435 4818 2759 4883 διςύλλαβος
2796 4825 3025 4886 propter

444 4883 616 4932 verba
649 4911 713 4918 —
751 4882 800 4935 εἰ
836 4885 909 4949 μὴ
948 4885 1089 4936 κατὰ
1123 4885 1485 4950 ἀναςτροφὴν
1578 4916 1587 4920 -
1622 4884 1758 4938 ἄςτυ
1795 4885 1938 4939 κάτα
1975 4880 2217 4939 Ξάνθοιο
2253 4903 2322 4936 ex
2345 4888 2538 4938 Arcad.
2567 4891 2681 4953 180,
2709 4892 2735 4938 1
2773 4893 3025 4954 recepta.
