3664 5546
1162 337 1320 393 ΠΕΡΙ
1360 337 1751 395 ΚΑΘΟΛΙΚΗ(
1786 338 2209 397 ΠΡΟΕΩιΔΙΑ(
2248 340 2327 393 le.
2907 342 3033 408 503

462 515 532 580 δὲ
575 513 629 579 ὦ
672 514 911 579 πόποι
956 514 1092 580 δυςὶ
1132 514 1346 580 τόνοις
1388 517 1626 594 χρῆται.
1714 511 2114 592 Ἀρίςταρχος
2159 512 2231 577 δέ
2274 533 2463 594 φηςιν
2509 510 2825 579 ἀπίθανον
2870 512 3033 580 εἶναι

458 618 534 682 τὸ
589 616 705 683 τὸν
758 617 887 681 Δία
940 616 994 682 ὦ
1044 616 1246 682 πόποι
1302 614 1448 682 οἷον
1513 615 1567 681 ὦ
1621 615 1757 681 θεοί
1813 614 2048 690 λέγειν·
2117 613 2260 679 ἀλλ’
2323 614 2462 679 ἐπεὶ
2515 614 2645 680 ἔδει
2699 616 2774 680 τὸ
2831 616 3032 682 πόποι

460 720 917 798 ςχετλιαςτικόν
973 718 1264 798 ὑπάρχον
1320 720 1421 784 καὶ
1473 717 1628 784 ἄνευ
1682 721 1800 783 τοῦ
1856 716 1908 780 ὦ
1965 716 2251 793 λέγεςθαι
2305 717 2406 781 καὶ
2461 715 2600 781 ἐπεὶ
2663 718 3031 796 παράκειται

456 821 631 905 αὐτῷ
683 822 758 886 τὸ
802 824 1038 905 παπαῖ,
1093 820 1250 887 ὥςτε
1295 820 1349 886 εἰ
1390 823 1471 901 μή
1517 819 1902 902 ὀνοματικόν
1947 818 2142 903 ἐςτιν,
2196 819 2443 899 ὀφείλει
2487 823 2894 899 περιςπᾶςθαι
2941 822 3031 886 ὼς

456 922 619 988 εἶναι
664 924 782 989 δύο
826 922 1305 1002 περιςπωμένας
1358 923 1410 987 ὦ
1454 926 1690 1005 ποποῖ,
1748 923 2020 1002 λέγομεν
2079 922 2450 1002 βαρύνεςθαι
2506 921 2665 1008 αὐτό
2721 922 2811 986 ὡς
2853 924 2928 987 τὸ
2974 922 3026 987 ὦ
3057 930 3090 981 5

456 1024 666 1108 φίλοι,
722 1024 791 1090 ἐκ
833 1029 950 1090 τοῦ
994 1025 1344 1107 ὑπολαβεῖν
1387 1024 1595 1105 ὄνομα
1649 1023 1813 1090 εἶναι
1859 1023 1933 1088 τὸ
1977 1023 2197 1089 πόποι.
2284 1025 2388 1088 καὶ
2430 1024 2505 1088 τὸ
2551 1023 2914 1089 ἰατταταῖ
2957 1027 3028 1090 δὲ

454 1131 827 1206 περιςπᾶται
890 1128 992 1193 καὶ
1049 1128 1125 1193 τὸ
1184 1127 1569 1193 ἀππαπαῖ·
1634 1126 1705 1207 ἡ,
1742 1128 1814 1191 δὲ
1872 1126 2167 1203 ςυνήθεια
2222 1124 2436 1193 ὀξύνει
2491 1124 2566 1189 τὸ
2623 1127 2868 1191 παπαί
2928 1127 3028 1191 καὶ

454 1227 747 1294 ἀταταί.
843 1229 945 1294 καὶ
1006 1230 1285 1296 καθόλου
1351 1232 1423 1295 δὲ
1476 1229 1556 1295 ού
1612 1232 1711 1295 δεῖ
1761 1228 1842 1292 τὰ
1914 1228 2334 1308 ςχετλιαςτικὰ
2387 1233 2519 1292 τῶν
2584 1226 3026 1308 ἐπιρρημάτων

454 1329 655 1395 οἱονεὶ
709 1332 966 1411 βακχικὰ
1019 1330 1180 1397 ὄντα
1232 1332 1360 1398 ὑπὸ
1423 1335 1539 1412 τὴν
1594 1330 1899 1410 ἔντεχνον
1964 1329 2350 1397 ἀκολουθίαν
2406 1327 2616 1412 ἄγειν,
2684 1329 2815 1407 εἴγε
2871 1330 3025 1396 οὐδὲ

453 1432 607 1512 μέρη
662 1433 861 1508 λόγου
913 1435 1078 1500 τινὲς
1132 1438 1331 1499 ταῦτα
1379 1434 1702 1514 ἑνόμιςαν·
1768 1431 2127 1513 παςχούςης
2181 1431 2306 1510 γὰρ
2363 1434 2575 1511 ψυχῆς
2627 1433 2665 1510 ἢ
2719 1432 3022 1511 διακόρου
3045 1433 3126 1492 ‘10

451 1534 578 1600 ὑπὸ
635 1533 821 1600 οἴνου
875 1535 1064 1615 οὔςης
1117 1536 1347 1612 ἄλογοι
1402 1536 1700 1615 δηλονότι
1754 1535 1858 1601 καὶ
1911 1534 1975 1599 αἱ
2029 1533 2418 1614 ἑκφωνήςεις
2471 1532 2681 1610 αὐτῆς.
2770 1533 2870 1598 διὸ
2916 1534 3025 1600 ἐπ’

449 1636 664 1702 αὐτῶν
709 1636 846 1702 ἔςθ’
887 1638 997 1703 ὅτε
1038 1638 1116 1702 τὸ
1159 1639 1315 1703 δαςὺ
1344 1642 1593 1718 πνεῦμα
1622 1636 1877 1713 ἀλόγως
1921 1637 1991 1701 ἐν
2035 1642 2112 1720 τῇ
2143 1634 2421 1719 ληγούςῃ
2455 1638 2730 1720 ςυλλαβῇ
2775 1636 3019 1720 ὁρᾶται,

449 1736 539 1803 ὼς
583 1738 714 1818 ἔχει
768 1740 843 1805 τὸ
890 1738 1062 1804 εὐοῖ
1104 1739 1290 1824 εὔᾶν,
1337 1740 1529 1805 εὐαί.
1616 1740 1692 1805 τὸ
1737 1741 1859 1818 γὰρ
1905 1739 2112 1815 λέγειν
2169 1737 2267 1802 ὅτι
2323 1736 2397 1803 εὖ
2444 1758 2540 1803 cot
2591 1737 2672 1816 ἦν
2717 1738 2820 1805 καὶ
2863 1740 3020 1804 κατὰ

446 1840 736 1920 ἔλλειψιν
779 1844 896 1906 τοῦ
938 1844 972 1905 ἰ
1015 1841 1242 1918 γέγονε
1287 1842 1359 1908 εὐ
1405 1842 1471 1909 οἵ
1512 1842 1614 1907 καὶ
1656 1842 1813 1907 κατὰ
1858 1843 2149 1923 ςυναφὴν
2195 1838 2337 1905 εὐοῖ
2388 1838 2782 1924 ἀμφίβολον,
2839 1840 2894 1906 εἰ
2935 1844 3018 1923 μὴ

446 1941 570 2021 ἄρα
623 1943 796 2023 παρὰ
847 1944 922 2009 τὸ
978 1943 1119 2011 εὐοῖ
1174 1944 1355 2010 Εὔϊος
1409 1948 1733 2024 παρῆκται.
1820 1945 1897 2009 τὸ
1953 1945 2024 2009 δὲ
2078 1941 2311 2024 χαμαί
2367 1940 2687 2025 ὀξύνεται,
2755 1942 2873 2009 οὐκ
2938 1944 3016 2010 ὂν
3056 1952 3118 2004 15

448 2046 923 2125 ςχετλιαςτικόν.
992 2048 1068 2112 τὸ
1114 2047 1185 2113 δὲ
1228 2047 1465 2112 πάλαι
1510 2048 1811 2126 χρονικὸν
1859 2046 2193 2126 βαρύνεται
2239 2043 2350 2111 καὶ
2371 2044 2818 2124 ςυντιθέμενον
2857 2066 3014 2125 προ-

445 2149 900 2231 παροξύνεται,
944 2150 1375 2232 πρόπαλαι,
1419 2149 1802 2228 τρίπαλαι.

439 2336 746 2400 διφθόγγου
781 2336 851 2388 τὸ
886 2339 919 2388 ῖ
956 2335 1080 2388 κατ’
1115 2334 1294 2399 ίδικὴν
1329 2335 1607 2400 ςυλλαβὴν
1643 2334 2061 2401 προφερόμενοί
2106 2350 2237 2399 φαςι
2274 2334 2452 2403 βαβαῖ.
2521 2332 2589 2386 οὐ
2626 2332 2707 2385 δεῖ
2744 2334 2831 2398 δέ,
2870 2333 3014 2388 ἀλλὰ

439 2403 777 2468 διςυλλάβως
822 2402 982 2469 βαβαί
1043 2402 1396 2467 θαυμάζοντα
1437 2417 1491 2453 τι
1545 2403 1581 2466 ἢ
1639 2401 1982 2455 ἐπαινοῦντα
2034 2403 2232 2466 λέγειν.
2313 2400 2575 2455 Ἰωάννου
2627 2408 3011 2466 γραμματικοῦ

442 2470 849 2536 Ἀλεξανδρέως
882 2472 1128 2523 τονικῶν
1161 2469 1649 2536 παραγγελμάτων
1683 2470 1746 2523 έν
1782 2470 2037 2538 ἐπιτομῇ.
2073 2497 2140 2509 -
2176 2471 2318 2536 ὤμοι
2356 2470 2543 2521 addidi
2570 2485 2639 2520 ex
2673 2471 2870 2521 Arcsd.
2899 2474 3014 2536 183,

439 2541 520 2589 21.
613 2539 650 2591 l.
679 2542 706 2590 1
748 2537 1098 2603 Ἀρίσταρχος
1134 2537 1195 2591 δέ
1229 2566 1296 2574 -
1329 2538 1365 2589 l.
1399 2541 1430 2588 6
1467 2537 1612 2590 εἶναι
1647 2538 1717 2590 τὸ
1754 2538 1930 2591 πόποι
1967 2540 2146 2591 adieci
2182 2556 2280 2606 pro
2317 2539 2606 2590 decurtata
2651 2541 3010 2592 annotatione

438 2608 688 2658 Ioannis:
728 2605 838 2658 ἔδει
873 2606 934 2658 δὲ
969 2605 1113 2657 αὐτὸ
1148 2604 1251 2658 δύο
1288 2605 1711 2671 περιςπωμένας
1749 2607 1920 2672 ἔχειν,
1959 2606 2082 2659 ἐπεὶ
2118 2608 2208 2659 καὶ
2244 2605 2572 2672 παράκειται
2607 2604 2765 2671 αὐτῷ
2801 2606 2873 2658 τὸ
2907 2623 3010 2660 πα-

435 2676 536 2725 παῖ
572 2690 638 2725 ex
664 2674 907 2741 Theogn.
934 2692 986 2741 p.
1016 2677 1138 2737 158,
1174 2676 1270 2725 ubi
1305 2673 1494 2726 καθὼς
1530 2674 1870 2739 Ἡρωδιανὸς
1907 2674 1967 2727 ἐν
2001 2675 2246 2728 καθόλου
2283 2675 2759 2726 emendationibus
2792 2675 3014 2727 Lehrsii

336 2732 341 2743 '
437 2743 604 2794 Arist.
644 2758 694 2809 p.
733 2745 831 2794 119
866 2742 948 2794 ed.
984 2744 1041 2794 11
1077 2742 1315 2810 receptis
1352 2748 1409 2793 et
1445 2743 1660 2794 omissis
1693 2745 1792 2806 iis,
1828 2759 1969 2810 quae
2007 2761 2042 2796 a
2076 2745 2429 2810 Theognosto
2474 2745 2596 2810 ipso
2643 2748 2836 2795 assuta
2884 2760 3006 2796 esse

436 2813 660 2877 probat:
701 2808 904 2864 (κύθαι
938 2811 1045 2875 γὰρ
1078 2810 1150 2863 τὰ
1185 2811 1319 2876 παρ’
1351 2811 1543 2863 αὐτοῖς
1578 2809 1889 2874 ἀγαλμάτια
1924 2827 2049 2865 τινα
2084 2812 2307 2865 πόπους
2344 2811 2578 2874 λέγουςι.
2747 2812 2784 2863 l.
2823 2815 2854 2862 6
2890 2810 3005 2864 ἰατ-

434 2882 598 2931 ταταῖ
641 2880 905 2932 Lehrsius
948 2895 1044 2945 pro
1088 2877 1325 2931 ἀτταταῖ
1370 2880 1592 2945 scripsit
1638 2896 1703 2930 ex
1739 2880 1920 2936 Schol.
1965 2881 2046 2932 ad·
2080 2882 2352 2946 Lycophr.
2390 2883 2477 2931 31:
2527 2879 2589 2931 αῖ
2633 2879 2694 2931 αῖ
2727 2876 3007 2946 ἐπίρρημα

433 2947 798 3013 θρηνητικὸν,
837 2945 868 2998 ὃ
908 2945 1116 2999 πάντες
1153 2945 1206 3000 οἱ
1241 2950 1346 2998 νῦν
1393 2945 1699 3012 βαρύνουςι.
1772 2946 2061 3013 (Στέφανος
2107 2948 2167 3001 δὲ
2212 2949 2303 3000 καὶ
2341 2946 2686 3012 Μελάμπους
2732 2962 2802 2999 πε
2842 2952 3005 3000 ιςπᾶν

432 3013 662 3080 ἀξιοῡςι,
699 3014 965 3079 λέγοντες
1000 3016 1228 3067 τουτονὶ
1263 3015 1368 3067 τὸν
1404 3014 1638 3067 κανόνα·
1687 3014 1759 3067 τὰ
1795 3014 1876 3069 εἰς
1912 3019 1968 3067 ist
2003 3015 2312 3082 δίφθογγον
2348 3015 2597 3082 λήγοντα
2633 3014 2759 3080 ἑπιρ
2797 2962 3001 3082 guara,

431 3083 501 3134 ἂν
536 3083 627 3135 ἐπὶ
662 3083 861 3135 τέλους
898 3084 1061 3148 ἔχωςι
1104 3082 1211 3135 τὸν
1242 3083 1440 3148 τόνον,
1478 3085 1885 3148 περιςπῶνται,
1926 3083 2212 3148 ἰατταταῖ,-
2245 3087 2454 3148 παπαῑ,
2492 3083 2554 3135 αῖ
2591 3083 2681 3135 καὶ
2715 3097 2749 3134 τ
2822 3083 3001 3148 ὅμοια.

431 3153 583 3216 πλὴν
617 3155 720 3203 τοῦ
759 3149 919 3217 βαβαί
962 3152 1052 3203 καὶ
1098 3153 1202 3204 τοῦ
1248 3150 1365 3217 ναί,
1411 3149 1524 3214 ἐγὼ
1570 3149 1631 3203 δέ
1677 3166 1819 3219 φημι
1866 3153 1956 3205 καὶ
2000 3156 2102 3204 τοῦ
2150 3151 2304 3217 οὐαί,
2354 3169 2458 3218 quo
2503 3152 2749 3202 firmatur
2780 3152 3001 3203 Arcadii

430 3217 558 3271 οὐαί
581 3223 651 3274 ab
677 3220 902 3285 Uhligio
930 3220 1336 3285 addubitatum,
1376 3236 1471 3286 pro
1496 3223 1678 3271 παπαῖ
1702 3236 1823 3271 cum
1845 3221 2076 3271 Lehrsio
2102 3222 2298 3288 scripsi
2321 3219 2611 3283 ἀππαπαῖ,
2650 3219 2794 3285 quod
2820 3221 3000 3272 locum

432 3304 589 3338 suum
627 3304 745 3338 cum
781 3291 963 3339 παπαῖ
998 3290 1258 3352 mutavit,
1295 3304 1422 3339 nam
1455 3289 1679 3354 irrepsit
1716 3304 1808 3353 eo,
1847 3290 1942 3339 ubi
1976 3291 2157 3341 παπαῖ
2195 3290 2565 3355 efflagitatur,
2602 3291 2784 3341 παπαῖ
2820 3295 3000 3340 autem

428 3356 507 3406 ibi
553 3357 787 3422 positum
834 3360 942 3418 est,
990 3356 1086 3406 ubi
1133 3354 1396 3408 ἀππαπαῖ
1440 3357 1752 3420 requiritur.
1786 3383 1855 3392 —-
1888 3359 2059 3408 verba
2104 3357 2140 3419 ἡ
2187 3357 2247 3408 δὲ
2294 3356 2551 3421 ςυνήθεια
2586 3381 2652 3391 —-
2687 3354 2890 3408 ἀταταί
2928 3374 2995 3408 ex

427 3423 667 3474 Arcadio
707 3426 822 3487 183,
858 3426 922 3474 21
960 3423 1067 3474 huc
1100 3424 1278 3476 retuli.
1303 3452 1369 3459 —
1394 3426 1532 3475 Tum
1568 3423 1659 3474 καὶ
1696 3424 1939 3477 καθόλου
1975 3423 2035 3476 δέ
2069 3423 2135 3476 ού
2173 3425 2254 3476 δεῖ
2278 3424 2350 3476 τὰ
2374 3422 2751 3488 ςχετλιαςτικά
2774 3452 2839 3461 -
2868 3426 2904 3476 l.
2935 3429 2997 3476 15

428 3489 586 3543 Εὔϊος
623 3508 689 3541 ex
724 3492 968 3557 Theogn.
1006 3492 1042 3541 1.
1075 3508 1118 3542 c.
1156 3492 1388 3556 inserui,
1433 3493 1529 3543 ubi
1564 3491 1653 3543 καὶ
1689 3491 1846 3544 αὖθι(
1885 3491 1918 3544 ὁ
1953 3492 2126 3544 αὐτὸς
2165 3490 2260 3557 (sc.
2294 3491 2666 3556 Herodianus)
2713 3493 2841 3556 περὶ
2873 3494 2995 3543 τῶν

426 3557 620 3610 αὐτῶν
664 3573 856 3625 φηςιν,
896 3557 973 3613 ὡς
1018 3558 1085 3612 οὐ
1122 3559 1203 3611 δεῖ
1235 3559 1307 3611 τά
1340 3559 1717 3624 ςχετλιαςτικὰ
1759 3562 1883 3610 τῶν
1926 3559 2322 3626 ἐπιρρημάτων
2367 3557 2540 3612 οἱονεὶ
2587 3558 2817 3623 βακχικὰ
2853 3559 2994 3612 ὄντα

426 3626 527 3686 (sic
562 3627 707 3677 enim
741 3628 1006 3678 Lehrsius
1043 3627 1357 3679 emendavit
1382 3645 1477 3695 pro
1499 3626 1573 3679 τὰ
1597 3627 1975 3692 ςχετλιαςτικά
1998 3630 2120 3679 τῶν
2144 3626 2543 3694 ἐπιρρημάτων
2569 3626 2796 3680 εὐκτικὰ
2819 3625 2993 3680 οἱονεὶ

426 3694 656 3759 βακχικὰ
690 3693 857 3758 ὄντα,
906 3694 1163 3760 Uhligius
1198 3696 1232 3746 l.
1271 3713 1315 3746 c.
1354 3697 1517 3748 scribi
1561 3696 1683 3754 vult
1723 3695 1795 3748 τὰ
1841 3696 2216 3759 ςχετλιαςτικὰ
2259 3699 2381 3747 τῶν
2427 3694 2824 3761 ἐπιρρημάτων
2867 3693 2993 3748 οἷον

423 3762 496 3815 τὰ
531 3761 900 3827 βακχευτικά).
934 3790 999 3799 -
1035 3764 1075 3818 l.
1107 3766 1168 3814 13
1206 3761 1330 3815 εὐοῖ
1364 3780 1482 3814 cum
1519 3768 1682 3814 acuto
1728 3766 1958 3830 praebet
1993 3764 2262 3830 Theogn.‚
2310 3762 2445 3816 εὔαν
2489 3781 2587 3829 pro
2624 3762 2761 3815 εὐᾶν
2798 3766 2996 3830 scripsi

425 3847 543 3882 cum
580 3830 791 3896 Uhlig.,
837 3847 957 3881 cum
1005 3831 1197 3882 eodem
1242 3829 1367 3883 εὐαῖ
1400 3848 1496 3898 pro
1533 3829 1676 3883 εὐὲν.
1746 3832 1781 3882 1.
1819 3836 1881 3884 13
1926 3837 2049 3898 post
2089 3831 2163 3896 ἦν
2207 3834 2416 3883 inserui
2461 3829 2552 3884 καί
2596 3838 2652 3882 et
2685 3832 2721 3885 l.
2761 3835 2825 3882 14
2865 3838 2992 3898 post

423 3897 545 3951 εὐοῖ
579 3904 637 3950 et
673 3914 769 3966 pro
807 3898 1092 3962 ςυγκοπὴν
1127 3913 1261 3951 ςυνα
1312 3898 1382 3965 ήν
1407 3901 1580 3966 posui.
1603 3927 1670 3936 --
1706 3901 1954 3966 Theogn.
1988 3903 2101 3964 158,
2128 3904 2193 3952 30
2229 3901 2397 3954 habet
2430 3897 2620 3964 χαμαί·
2657 3901 2831 3951 τοῦτο
2867 3899 2990 3952 ὀξύ·

425 3981 581 4018 νεται
606 3965 685 4018 ὡς
722 3966 903 4017 καὶτὸ
928 3965 1121 4031 νυμαί,
1157 3965 1269 4030 ύμα
1303 4006 1316 4031 ,
1354 3969 1494 4034 quod
1531 3969 1807 4035 posterius
1830 3970 2113 4020 Usenerus
2147 3969 2205 4019 in
2227 3969 2410 4019 Iahnii
2433 3969 2572 4019 Ann.
2600 3971 2682 4024 91,
2709 3969 2807 4018 256
2842 3968 2990 4018 idem

420 4040 587 4100 atque
625 4034 734 4101 ὁμῇ
769 4055 838 4078 =
873 4034 1014 4098 ὁμοῦ
1052 4050 1173 4087 esse
1212 4036 1540 4103 suspicatur.
1592 4036 1863 4101 Equidem
1884 4041 2171 4102 utrumque
2197 4038 2383 4098 omisi,
2425 4037 2554 4102 qnia
2578 4052 2612 4087 a
2635 4036 2987 4102 'theognosto

420 4104 544 4169 ipso
585 4103 778 4154 addita
815 4118 935 4154 esse
973 4109 1201 4168 possunt
1232 4108 1295 4154 ut
1330 4107 1400 4158 ab
1447 4121 1509 4156 eo
1554 4111 1743 4154 contra
1776 4104 2082 4155 Herodiani
2127 4105 2458 4155 sententiam
2503 4104 2741 4154 traditur
2777 4102 2987 4166 ὁμοίως

419 4187 510 4238 καὶ
546 4186 614 4240 τὸ
650 4186 788 4238 ὕπαι
824 4185 1145 4251 βαρύνεται,
1189 4186 1412 4250 λέγεται
1458 4188 1519 4240 δὲ
1567 4188 1655 4239 καί
1690 4187 1903 4240 ὕπαιθα
1939 4187 2070 4240 κατ’
2105 4186 2400 4240 ἐπέκταςιν
2444 4190 2546 4254 τῆς
2583 4191 2654 4240 θα
2690 4189 2981 4254 ςυλλαβῆς,

419 4271 546 4306 nam
581 4256 648 4306 11.
686 4255 775 4305 Pr.
815 4254 859 4308 O
895 4257 928 4305 4
962 4254 1222 4306 traditur:
1259 4255 1398 4307 ὑπαὶ
1433 4254 1639 4308 δείους;
1687 4255 1722 4318 ἡ
1761 4255 1876 4308 ὑπό
1913 4255 2168 4321 πρόθεςις
2203 4254 2343 4308 ὑπαί
2388 4255 2615 4318 ἐγένετο
2662 4254 2874 4320 ὁμοίως
2910 4261 2981 4322 τῇ

419 4323 601 4375 «ὑπαὶ
639 4322 786 4375 πόδα
827 4319 1053 4374 νείατον
1088 4322 1273 4388 Ἴδης»
1310 4323 1376 4389 (Β
1412 4323 1557 4388 824)·
1595 4324 1687 4374 καί
1727 4323 1840 4375 ἔςτι
1875 4324 1944 4376 τὸ
1982 4324 2107 4389 ἑξῆς
2141 4323 2255 4376 ὑπὸ
2291 4323 2478 4376 δέους·
2515 4325 2670 4376 οὕτω
2715 4325 2805 4375 καὶ
2844 4322 2982 4389 Ἀρί-

418 4404 672 4456 ςταρχος·
716 4389 802 4442 διὸ
848 4390 1225 4456 παραιτητέον
1271 4391 1376 4443 τὸν
1421 4390 1790 4457 Τυραννίωνα
1834 4392 2147 4457 βαρύνοντα
2189 4393 2299 4457 τὴν
2343 4390 2482 4445 ὑπαί
2527 4394 2616 4445 καί
2663 4391 2982 4456 ἡγούμενον

421 4457 533 4511 ἀπὸ
571 4462 675 4511 τοῦ
713 4459 923 4511 ὕπαιθα
960 4458 1103 4510 εἶναι
1138 4457 1318 4512 πάθος
1352 4459 1421 4511 τὸ
1457 4462 1559 4525 τῆς
1596 4458 1892 4525 ἀποκοπῆς
1929 4459 2020 4524 (cf.
2063 4460 2096 4512 Γ
2129 4464 2256 4525 217,
2296 4460 2335 4513 Β
2371 4461 2519 4528 824),
2565 4462 2672 4512 nisi
2709 4462 2848 4511 forte
2886 4461 2980 4511 ba-

418 4530 689 4590 rytonesis
733 4528 1026 4579 referenda
1077 4533 1161 4578 est
1206 4528 1276 4578 ad
1320 4528 1545 4579 Aeolum
1590 4529 2060 4582 consuetudinem.
2140 4530 2280 4580 Nam
2323 4533 2381 4580 in
2424 4530 2527 4595 Ep.
2575 4529 2661 4580 Cr.
2704 4531 2731 4580 I
2775 4530 2903 4592 418,
2949 4533 2981 4581 3

420 4609 670 4675 legimus:
708 4611 929 4676 λέγεται
963 4611 1024 4663 δὲ
1059 4612 1151 4663 καὶ
1189 4612 1284 4676 (sc.
1321 4612 1552 4678 ὕπαιθα)
1592 4612 1680 4664 καὶ
1716 4611 1850 4665 ἄνευ
1886 4615 1989 4678 τῆς
2017 4602 2098 4666 {sd
2133 4612 2266 4678 παρ’
2304 4613 2566 4678 Ἀλκμᾶνι
2602 4614 2692 4665 καί
2729 4628 2756 4665 ς
2800 4611 2977 4677 μαίνει

418 4675 487 4727 τὸ
522 4679 802 4745 πρότερον
835 4679 1054 4732 «ὁπότε
1091 4679 1345 4738 ὑπὸτοί)
1385 4681 1742 4746 Ἱππολόχου,
1780 4681 1943 4734 κλέος
1979 4681 2037 4733 δ’
2073 4682 2309 4746 ἔβαλλον
2346 4682 2413 4734 οὺ
2450 4685 2555 4733 νῦν
2589 4629 2977 4746 ὑπεςτάντων,

421 4759 526 4809 qno
557 4748 615 4797 in
651 4748 944 4815 desperato
978 4749 1095 4800 loco
1132 4765 1241 4799 non
1265 4750 1323 4800 in
1348 4751 1525 4816 priore
1561 4747 1702 4815 ὑπὸ,
1742 4751 1841 4802 sed
1875 4752 1933 4799 in
1969 4748 2338 4802 ὑπεςτάντων
2361 4752 2464 4802 hoc
2497 4750 2632 4802 ὕπαι
2669 4751 2979 4817 oppositum

419 4814 774 4878 praecedenti
808 4815 875 4867 οὐ
911 4819 1016 4868 νῦν
1052 4818 1324 4869 contineri
1359 4820 1607 4870 arbitror.
1632 4846 1695 4856 —
1721 4820 1805 4872 De
1834 4819 2111 4871 adverbiis
2145 4820 2203 4870 in
2237 4823 2292 4873 ἰῖι
2315 4819 2385 4871 cf.
2410 4820 2557 4873 Mon.
2582 4822 2665 4886 27,
2693 4824 2755 4873 13
2781 4816 2973 4885 χαμαίῑ
