3664 5546
1198 287 1358 342 ΠΕΡΙ
1399 285 1791 342 ΚΑΘΟΛΙΚΗΕ
1825 286 2250 341 ΠΡΟΕΩιΔΙΑ(
2289 287 2366 341 ΙΒ.
2952 288 3075 352 341

486 462 845 526 δεςποίναις
902 459 1334 539 ςυμμιγέντων
1390 458 1549 523 κατὰ
1606 457 1719 523 τὸν
1774 457 2213 537 πολυχρόνιον
2269 457 2557 537 πόλεμον
2613 462 2743 524 τῶν
2799 457 3077 543 (κυθῶν,

483 568 614 628 τῶν
673 567 1002 627 δεςποτῶν
1067 559 1533 640 πολεμούντων
1597 561 1736 623 τοῖς
1793 559 2029 643 Θρᾳξὶν
2098 560 2137 637 ἢ
2204 563 2342 625 τοῖς
2403 561 2588 626 ἐντὸς
2641 561 2917 642 Ἴςτρου,
2985 562 3076 626 ὡς

488 664 946 741 Καλλίςτρατος
1002 662 1072 728 ἐν
1128 662 1334 744 τρίτῳ.
1426 659 1834 739 (παλὲθρη
1889 661 2076 725 πόλις
2139 662 2494 727 Θεςςαλίας.
2582 662 2947 727 Ἑλλάνικος
3004 665 3075 727 δὲ

420 830 426 837 ,
467 749 865 842 ι(πάλαθρον
897 764 1099 843 αὐτήν
1143 783 1311 843 φηςι.
1382 761 1698 841 Μαζάρη
1745 761 2070 842 φρούριον
2103 762 2580 829 (ελινουντίων.
2647 763 3073 843 Φαναγόρη

375 895 380 900 ·
483 868 586 931 καὶ
628 865 1034 943 Φαναγόρεια
1077 868 1270 941 νῆςος
1312 871 1389 948 τῇ
1435 865 1712 947 Ταυρικῇ
1767 865 2210 944 παρακειμένη.
2298 865 2632 944 Φαλώρη
2689 866 2875 930 πόλις
2920 866 3072 931 Θετ-
3116 876 3148 927 5

482 969 715 1033 ταλίας.
789 967 1025 1045 ταύτην
1080 967 1330 1031 Ῥιανὸς
1383 965 1761 1044 Φαλώρειαν
1817 968 2011 1031 καλεῖ.
2087 966 2453 1045 Ἀγκώρη·
2521 967 2727 1033 οὕτως
2783 968 3073 1033 ἐκαλεῖτο

479 1070 802 1148 πρότερον
851 1056 1301 1133 Νίκαιαπόλις
1348 1067 1654 1132 Βιθυνίας.
1741 1069 1817 1132 τὸ
1866 1067 1936 1132 δὲ
1983 1068 2174 1146 καρή
2231 1067 2536 1136 ὀξύνεται.
2625 1071 2700 1134 τὸ
2745 1070 2867 1148 γὰρ
2914 1070 3073 1148 κάρη

482 1171 558 1235 τὸ
606 1170 1168 1251 βαρυτονούμενον
1215 1169 1561 1246 οὐδέτερόν
1608 1169 1799 1234 ἐςτιν·
1866 1168 1997 1234 ἀπὸ
2051 1169 2175 1247 γὰρ
2227 1173 2344 1235 τοῦ
2389 1170 2670 1249 κάρηνον
2715 1171 3072 1251 γενόμενον

482 1273 642 1336 κατὰ
695 1271 1040 1349 ἀποκοπὴν
1098 1271 1277 1335 ἐςτιν.
1367 1270 1470 1334 καὶ
1514 1271 1590 1335 τὸ
1636 1270 1777 1349 Ἱρή
1824 1270 1999 1349 παρὰ
2041 1277 2133 1354 τῷ
2171 1265 2403 1355 ποιητῇ
2446 1307 2533 1318 -
2576 1272 2702 1337 ἔςτι
2748 1274 2820 1337 δὲ
2864 1271 3075 1351 ὄνομα

483 1374 737 1438 πόλεως
783 1370 929 1438 οἷον
1799 1364 1804 1373 ’
3111 1383 3176 1433 10

676 1544 684 1565 .
791 1473 1207 1554 Καρδαμύλην
1252 1472 1522 1552 Ἐνόπην
1566 1474 1781 1559 τεκαὶ
1823 1473 1985 1553 Ἱρὴν
2029 1474 2370 1553 ποιήεςςαν
2415 1472 2571 1557 (11st
2610 1474 2758 1557 150)
2787 1511 2872 1522 -

483 1577 884 1655 Ἀρίςταρχος
929 1574 1423 1674 6Efive1'buoiwc
1465 1580 1558 1658 τῷ
1589 1574 1946 1660 ἑπιθετικῷ·
1992 1575 2107 1641 εἰςὶ
2149 1578 2220 1640 δὲ
2263 1577 2328 1640 οἳ
2360 1576 2737 1655 βαρύνουςιν
2784 1577 2873 1641 εἰς
2919 1576 3072 1641 ἰδιό-

481 1698 637 1756 τητα
692 1677 904 1755 ὥςπερ
958 1677 1062 1741 ἐπὶ
1117 1680 1235 1740 τοῦ
1292 1676 1541 1754 «Ῥίπην
1597 1696 1666 1740 τε
1713 1675 2015 1755 (τρατίην
2062 1668 2178 1741 τε»
2225 1678 2302 1760 (Β
2347 1677 2517 1760 606).
2607 1677 2945 1745 ὀξύνονται
3002 1680 3073 1743 δὲ

484 1781 586 1844 καὶ
632 1780 671 1843 Γ
685 1779 824 1857 υρή
839 1828 856 1860 ,
903 1778 1028 1858 ἀφ’
1085 1775 1164 1842 οὗ
1212 1779 1251 1841 Γ
1255 1774 1455 1855 υραία.
1543 1778 1646 1841 καὶ
1705 1778 1969 1856 Καιρή·
2044 1778 2251 1844 οὕτως
2296 1779 2749 1859 μετωνομόιςθη
2790 1780 3073 1856 Ἄγυλλα

482 1880 669 1945 πόλις
713 1879 1080 1959 Τυρρηνίας.
1126 1879 1229 1943 καὶ
1258 1879 1632 1957 Δουςαρή
1681 1879 1992 1946 ςκόπελος
2038 1883 2139 1945 καὶ
2181 1883 2435 1961 κορυφὴ
2483 1882 2859 1961 ὑψηλοτάτη
2892 1882 3070 1959 Ἀρα-
3111 1891 3172 1942 15

484 1982 619 2061 βίας
676 1981 806 2046 ἀπὸ
861 1984 977 2045 τοῦ
1032 1979 1381 2058 Δουςόιρου
1436 1984 1589 2069 θεοῦ
1645 1982 1819 2060 παρὰ
1874 1982 2153 2061 Ἄραψιν
2208 1983 2584 2063 τιμωμένου.
2682 1984 2785 2047 καὶ
2836 1983 3069 2061 Περι-

484 2084 709 2161 ςτερή
754 2083 940 2147 πόλις
986 2079 1320 2147 Φοινίκων.
1387 2081 1463 2146 τὸ
1509 2083 1580 2145 δὲ
1628 2081 1835 2161 Θυρῆ
1882 2085 2040 2148 κατὰ
2087 2085 2435 2163 ςυναίρεςιν
2482 2085 2551 2148 ἐκ
2594 2087 2710 2148 τοῦ
2757 2083 2984 2163 Θυρέα.
3056 2080 3075 2104 “

649 2184 744 2247 Τὰ
789 2183 878 2283 εἰς
921 2182 960 2261 ἦ
1007 2184 1288 2260 λήγοντα
1346 2184 1842 2263 προηγουμένου
1898 2189 2014 2249 τοῦ
2059 2190 2092 2249 ἰ
2138 2185 2507 2268 βαρύνεται,
2563 2184 2703 2263 ἄςη
2759 2185 2797 2248 ό
2843 2185 3069 2267 ῥύπος,

480 2286 713 2365 κόρςη
759 2285 797 2348 ό
842 2285 1167 2364 κρόταφος
1211 2285 1314 2347 καὶ
1362 2285 1603 2364 Κόρςη
1657 2284 1859 2371 δούλη
1907 2286 2249 2370 βουκόλος,
2307 2285 2431 2366 ἀφ’
2476 2285 2551 2364 ἧς
2599 2285 2817 2364 Κορςίς
2861 2290 3069 2365 νῆςος.

484 2387 736 2466 Μὲςςη
793 2385 980 2450 πόλις
1027 2385 1169 2449 κατ’
1223 2382 1567 2464 ἀποκοπὴν
1622 2386 1691 2450 ἐκ
1745 2390 1863 2451 τοῦ
1911 2387 2203 2468 Μεςςήνη
2259 2388 2362 2451 καὶ
2409 2387 2633 2466 Μέςη.
2724 2387 2975 2466 Χρύςη
3028 2388 3066 2465 ἡ
3105 2400 3174 2451 20

481 2489 669 2553 πόλις
724 2491 842 2551 τοῦ
887 2485 1299 2550 Ἀπόλλωνος
1354 2485 1545 2562 ἐγγὺς
1598 2487 1875 2568 Λήμνου.
1967 2488 2302 2569 (οφοκλῆς
2358 2488 2654 2569 Λημνίαις
2709 2488 2803 2553 «ὦ
2860 2489 3069 2567 Λῆμνε

484 2588 727 2666 Χρύςης
769 2588 833 2650 τ’
877 2586 1329 2665 ἀρχιτὲρμονες
1366 2587 1622 2663 πάγου·
1669 2590 1771 2653 καὶ
1811 2589 1881 2654 ἐν
1910 2590 2323 2669 Αἰχμαλώτιςι
2357 2589 2630 2669 «ταύτην
2676 2590 2804 2667 ἐγὼ
2840 2591 3069 2655 Κίλλαν
3174 2640 3182 2649 .

481 2690 584 2754 καὶ
615 2689 863 2767 Χρύςην
892 2687 1125 2765 νέμω».
1183 2686 1296 2752 eici
1325 2690 1428 2752 καὶ
1458 2688 1645 2753 ἄλλαι
1678 2691 1911 2768 Χρῦςαι
1942 2690 2272 2771 ὁμώνυμοι
2303 2684 2524 2757 πόλεις
2552 2693 2663 2756 καὶ
2682 2692 2871 2757 τόποι
2908 2696 3067 2757 πολ-

483 2791 599 2857 λοί.
644 2792 790 2869 περὶ
821 2789 1078 2868 (κῦρον.
1125 2791 1227 2854 καὶ
1255 2794 1365 2868 τῆς
1398 2791 1656 2871 Λεςβίας
1685 2792 1903 2858 τόπος.
1951 2795 2052 2858 καὶ
2083 2796 2233 2873 περὶ
2262 2785 2633 2875 ’Ἡφαιςτίαν
2668 2799 2779 2873 τῆς
2807 2795 3067 2876 Λήμνου

479 2892 880 2972 ἀκρωτήριον
924 2892 1089 2970 πρὸς
1118 2891 1398 2957 Τένεδον
1445 2893 1700 2973 βλέπον.
1760 2896 1863 2968 καὶ
1906 2895 1976 2960 ἐν
2024 2895 2280 2980 Βιθυνίᾳ
2325 2898 2472 2975 περὶ
2508 2889 2901 2975 Χαλκηδόνα.
2965 2898 3067 2962 καὶ
3103 2912 3167 2961 25

478 2999 588 3073 τῆς
637 2992 863 3072 Καρίας
910 2993 980 3058 ἐν
1025 2999 1101 3077 τῇ
1145 2992 1666 3077 Ἁλικαρναςςίδι,
1721 2996 1988 3074 Δώριον
2043 2997 2295 3063 πεδίον·
2340 2985 2455 3061 ἰαὶ
2508 2999 2578 3061 ἐν
2624 2985 3066 3082 Ἑλληςπόντῳ

479 3097 664 3160 πόλις
695 3095 845 3175 με’ςη
871 3093 1225 3175 Ὀφρυνίου
1258 3096 1360 3159 καὶ
1392 3095 1679 3177 Ἀβύδου.
1736 3096 1864 3162 ἔςτι
1899 3099 2000 3162 καὶ
2026 3096 2189 3177 ἄλλη
2223 3100 2720 3179 περιςπωμένως
2752 3100 3065 3180 λεγομένη
3216 3135 3251 3151 -

478 3200 671 3274 νῆςος
713 3195 1079 3262 Ὢνεανῑτις.
1143 3197 1270 3262 ἔςτι
1313 3198 1415 3262 καὶ
1456 3196 1617 3276 ἄλλη
1661 3199 2049 3286 χερρόνηςος
2090 3202 2202 3277 τῆς
2242 3200 2498 3279 Ἰνδικῆς
2542 3202 2791 3279 Χρυςῆ
2835 3205 3064 3267 καλου-

479 3299 651 3377 μένη.
743 3299 782 3361 Γ
794 3297 1022 3376 ενέςη
1067 3298 1253 3363 πόλις
1296 3299 1678 3378 Λακωνικῆς.
1752 3301 2044 3381 Τεμέςη
2089 3302 2276 3368 πόλις
2321 3302 2577 3367 Ἰταλίας
2619 3304 2722 3367 καὶ
2763 3303 3065 3383 ποταμός.

477 3399 763 3478 Ὅμηρος
810 3398 916 3462 «ἐς
944 3399 1221 3479 Τεμέςην
1251 3401 1407 3479 μετὰ
1436 3401 1710 3483 χαλκόν,
1755 3402 1894 3477 ἄγω
1926 3404 1983 3468 δ’
2013 3392 2259 3469 αἴθ’ωνα
2289 3405 2587 3483 ςίδηρον»
2636 3402 2791 3486 (Od.
2821 3426 2863 3469 α
2898 3404 3061 3486 184).
3100 3419 3168 3470 30

479 3501 922 3580 Πολύβιοςδε
967 3500 1038 3564 ἐν
1082 3508 1173 3584 τῷ
1216 3505 1455 3587 πρώτῳ
1500 3504 1837 3583 Τεμέςειαν
1881 3505 1997 3582 τὴν
2041 3505 2232 3569 πόλιν
2278 3509 2470 3571 καλεῖ.
2538 3507 2832 3585 Ἀγχίςη
2879 3506 3066 3570 πόλις

478 3599 738 3667 Ἰταλίας
791 3599 923 3665 ἀπὸ
978 3606 1096 3666 τοῦ
1152 3603 1572 3683 προπάτορος
1615 3604 1936 3687 Ἀγχίςου,
1996 3607 2086 3672 ὡς
2129 3607 2475 3673 Διονύςιος
2530 3608 2600 3673 ἐν
2651 3608 2874 3691 πρώτῃ
2919 3608 3067 3686 περὶ

480 3705 827 3784 Ῥωμαϊκῆς
871 3700 1340 3781 ἀρχαιολογίας.
1426 3706 1502 3770 τὸ
1551 3706 1764 3785 λιςςή
1810 3705 2100 3774 ὀξύνεται
2159 3708 2325 3774 «ἔςτι
2371 3710 2442 3774 δέ
2494 3730 2587 3774 τις
2632 3711 2800 3789 λιςςὴ
2847 3709 3063 3774 αἰπεῖά

477 4011 546 4046 ex
584 3995 665 4048 St.
705 3996 767 4046 B.
871 3992 907 4043 1.
945 3995 974 4043 7
1011 3993 1181 4044 verba
1216 3992 1285 4044 τὸ
1320 3993 1427 4058 γὰρ
1463 3992 1604 4058 κάρη
1641 4017 1708 4030 ·-
1743 3994 1879 4046 κατ’
1912 3993 2216 4062 ἀποκοπὴν
2251 3996 2362 4050 ἐςτι
2399 4001 2529 4050 sunt
2564 4014 2632 4048 ex
2668 3997 2889 4060 Choer„
2928 3999 3062 4049 item

479 4061 583 4127 Ἱρή
621 4061 825 4112 collata
868 4060 933 4110 11.
970 4062 1059 4111 Pr.
1098 4059 1110 4110 Ι
1153 4063 1274 4124 150,
1321 4062 1466 4112 undo
1516 4059 1867 4127 Ἀρίςταρχος
1913 4091 1977 4098 -
2024 4061 2301 4131 (τρατίην
2344 4079 2409 4117 τε
2455 4071 2514 4116 et
2558 4068 2683 4126 292,
2732 4066 2829 4115 ubi
2872 4064 3061 4117 οὕτως

478 4129 621 4195 Ἰρήν
658 4127 969 4189 ὀξυτόνως,
1012 4126 1090 4178 ὡς
1136 4126 1198 4178 ἐν
1233 4132 1304 4194 τῇ
1351 4129 1610 4183 καθόλου.
1686 4130 1720 4182 Γ
1722 4129 1827 4194 υρή
1868 4128 2278 4198 --Περιςτερή
2325 4150 2392 4184 ex
2430 4133 2509 4183 St.
2546 4135 2605 4182 B.
2644 4133 2865 4184 adiecta
2912 4139 3058 4195 sunt,

474 4200 606 4249 item
643 4196 827 4261 Θυρέα
864 4195 1034 4259 Θυρῆ.
1176 4196 1211 4248 l.
1252 4200 1313 4247 19
1362 4195 1538 4262 Κόρςη
1587 4202 1862 4264 proprium
1907 4198 2085 4248 adieci
2133 4217 2201 4250 ex
2250 4203 2334 4251 St.
2378 4203 2469 4262 Β.,
2519 4198 2705 4264 Μέςςη
2755 4217 2822 4250 ex
2867 4200 3060 4251 eodem

478 4265 718 4330 explevi.
769 4262 950 4328 Χρύςη
988 4264 1220 4328 apposui
1258 4280 1324 4314 ex
1351 4265 1432 4317 St.
1459 4267 1541 4329 Β.,
1576 4267 1709 4315 item
1748 4265 1782 4317 Γ
1785 4264 1946 4329 ενέςη
1974 4265 2217 4332 Τεμέςη,
2257 4284 2397 4333 quae
2423 4268 2592 4318 habet
2615 4269 2783 4318 etiam
2811 4268 3058 4334 Theogn.

481 4337 593 4395 117,
633 4336 721 4396 12,
763 4330 982 4395 Ἀγχίςη
1021 4348 1088 4381 ex
1127 4333 1207 4385 St.
1233 4333 1325 4394 Β.,
1363 4332 1514 4397 λιςςή
1552 4333 1774 4413 explevi
1809 4350 1876 4384 ex
1916 4333 2097 4388 Schol.
2133 4336 2205 4385 ad
2233 4335 2334 4385 Od.
2372 4350 2408 4398 γ
2443 4339 2542 4386 293
2578 4335 2779 4386 collato
2805 4335 3059 4386 Eustath.

482 4403 627 4462 1468,
653 4402 744 4462 38,
781 4400 899 4450 ubi:
938 4398 1089 4462 λιςςὴ
1115 4398 1176 4449 δὲ
1215 4397 1392 4463 πέτρα
1429 4400 1463 4463 ἢ
1503 4399 1536 4462 ἡ
1567 4400 1688 4450 λεια
1726 4400 1760 4463 ἢ
1799 4400 2153 4464 ὀνοματικῶς
2189 4402 2345 4454 οὕτω
2383 4401 2659 4468 λεγομένη
2698 4401 2840 4454 κατά
2875 4418 2930 4454 τι
2966 4402 3057 4455 κύ-

477 4481 598 4531 ριον
635 4467 827 4530 ὄνομα.
901 4465 1052 4531 παρὰ
1087 4465 1149 4517 δὲ
1182 4470 1302 4517 τοῖς
1341 4466 1505 4532 Κρηςὶ
1544 4467 1728 4532 βλιςςή
1766 4467 1867 4519 ςὺν
1912 4472 1997 4533 τῷ
2037 4467 2085 4533 β’
2119 4469 2262 4522 κατὰ
2306 4469 2442 4522 τοὺς
2488 4470 2776 4522 παλαιούς.
2846 4470 2961 4523 ἔςτι
2995 4471 3057 4523 δὲ

478 4533 830 4599 ἀκρωτήριον
864 4537 968 4599 τῆς
1008 4534 1042 4586 Γ
1044 4532 1318 4599 ορτυνίας.
1391 4533 1606 4601 Κράτης
1643 4534 1703 4587 δέ
1739 4550 1873 4599 φαςι
1910 4536 2009 4587 ςὺν
2044 4541 2128 4604 τῷ
2166 4542 2199 4589 ν
2234 4535 2438 4602 γράφει
2474 4537 2708 4603 βλιςςήν.
2779 4539 2879 4589 καὶ
2906 4539 3057 4591 δοκεῖ

480 4601 621 4653 κατὰ
655 4602 878 4654 εὐθεῖαν
915 4604 1128 4653 πτῶςιν
1164 4601 1466 4667 ἀρςενικῶς
1504 4602 1811 4668 προφέρειν
1850 4602 2059 4668 ὁμοίως
2105 4610 2188 4672 τῷ
2236 4605 2427 4657 ςωλ’ν
2474 4606 2565 4664 καὶ
2608 4610 2726 4658 τοῖς
2761 4606 3057 4659 τοιούτοις.

478 4671 730 4720 Formam
755 4669 949 4735 Λιςςής
986 4671 1169 4736 recepi
1207 4687 1274 4720 ex
1298 4671 1376 4722 St.
1402 4672 1467 4720 B.
1493 4687 1535 4723 s.
1572 4670 1835 4724 Φαιςτόςῑ
1875 4672 1987 4724 ἔςτι
2023 4675 2126 4738 τῆς
2163 4674 2356 4727 Φαιςτι
2394 4674 2490 4726 δος
2527 4674 2616 4727 καὶ
2653 4673 2686 4725 ό
2711 4674 3058 4738 καλούμενος

481 4736 686 4800 Λιςςής.
739 4736 987 4802 Ὅμηρος
1014 4738 1132 4790 κτλ.
1187 4739 1477 4791 Caeterum
1507 4745 1739 4806 apparet
1766 4741 2143 4792 Herodianum
2170 4743 2576 4808 huiuscemodi,
2607 4759 2745 4809 quae
2775 4760 2843 4794 ex
2871 4744 3057 4795 Schol.
