3664 5546
641 409 768 476 492
1569 410 1650 464 ΕΚ
1686 409 1826 464 ΤΩΝ
1868 409 2274 465 ΗΡΩΔΙΑΝΟΥ

642 576 831 663 φαςιν
877 581 1264 661 ὑπιςχνεῖται
1308 582 1586 664 τελείαν,
1641 581 1715 646 τὸ
1762 582 1831 645 δὲ
1878 580 2063 645 οὔπω
2109 583 2347 646 δειπνῶ
2390 583 2467 646 τὸ
2524 581 2759 660 μέλλον
2804 581 3210 660 ὑπιςχνεῑται.

640 684 1113 750 ἀνταποδοτικά
1157 685 1229 748 δὲ
1273 689 1468 749 ταῦτα
1511 684 1813 763 γινόμενα
1858 677 2231 763 μεταβάλλει
2283 684 2399 748 τὸν
2445 684 2671 765 τόνον,
2729 683 2972 765 ὅπως,
3028 683 3209 767 ὅπῃ,

641 786 856 869 ὅποι,
913 786 1132 851 ὅπου.
1220 786 1289 851 ἐκ
1345 788 1416 851 δὲ
1460 790 1576 850 τοῦ
1620 807 1724 851 πω
1768 786 1872 850 καὶ
1914 790 2030 850 τοῦ
2076 786 2243 865 μάλα
2298 786 2374 850 τὸ
2431 786 2755 864 πώμαλα
2806 786 3209 864 προπαροξύ-

639 909 859 953 νουςιν
904 889 1223 968 Ἀθηναῖοι
1270 889 1371 954 καὶ
1413 887 1503 954 ἔτι
1546 889 1622 953 τὸ
1667 889 1989 953 πώποτε
2035 888 2105 952 ἐκ
2145 891 2262 953 τοῦ
2307 910 2411 951 πω
2455 889 2557 951 καὶ
2596 892 2713 953 τοῦ
2757 889 2933 954 ποτέ.
3020 889 3094 954 τὸ
3139 891 3211 955 δὲ

564 1000 599 1052 5
641 998 801 1056 πῶς
845 1012 1033 1056 ποτε
1077 995 1466 1070 περιςπάται.
2881 1008 2888 1016 ·

808 1092 901 1157 Τὰ
956 1093 1191 1172 ἔχοντα
1245 1095 1550 1173 δίχρονον
1605 1092 2018 1173 ἐκτεταμένον
2075 1095 2478 1174 περιςπᾶται,
2543 1091 2625 1156 «ἆ
2681 1094 2850 1157 δειλὲ
2905 1092 3206 1158 πάντων»

642 1194 723 1259 «ἆ
765 1198 1003 1275 γῆρας»
1061 1196 1162 1260 καὶ
1214 1196 1289 1260 τὸ
1336 1199 1425 1276 βᾶ
1470 1195 1540 1260 ἐν
1594 1201 1669 1278 τῇ
1717 1195 2010 1278 ςυνηθείᾳ
2053 1195 2228 1273 παρὰ
2271 1192 2556 1275 ἀρχαίοις
2606 1193 2904 1273 ἔκπληξιν
2949 1199 3208 1279 δηλοῦν,

638 1298 742 1362 καὶ
795 1302 932 1363 νῦν
999 1297 1330 1380 χρονικόν,
1395 1302 1566 1378 γρῦ,
1632 1302 1754 1378 μῦ,
1826 1300 1949 1375 κρῖ
2003 1298 2102 1361 καὶ
2159 1297 2217 1362 εἴ
2268 1319 2326 1362 τι
2381 1297 2624 1377 ὅμοιον.
2725 1296 2922 1361 ὁπότε
2983 1298 3052 1361 δὲ
3107 1319 3208 1362 ςυ-

640 1399 988 1481 ςτέλλεται,
1043 1399 1360 1482 ὀξύνεται,
1417 1399 1543 1482 μά,
1598 1400 1690 1479 μύ
1746 1401 1822 1465 τὸ
1881 1399 2273 1480 θρηνητικὸν.
2372 1399 2447 1464 τό
2515 1401 2586 1463 δὲ
2641 1397 2721 1463 αἴ
2775 1398 3062 1465 ὀξύνεται
3119 1400 3208 1464 ὼς

542 1507 606 1561 10
640 1500 795 1579 ἔχον
839 1502 914 1566 τὸ
960 1504 1007 1564 ἴ.

807 1603 899 1667 Τὰ
944 1602 1158 1682 μέντοι
1212 1604 1286 1669 τὸ
1344 1608 1382 1683 ἦ
1428 1605 1661 1683 ἔχοντα
1706 1605 2150 1686 μονοςύλλαβα
2194 1605 2275 1683 μὴ
2321 1604 2778 1682 προςκειμένου
2829 1608 2944 1668 τοῦ
2987 1607 3019 1667 ἰ
3062 1601 3206 1669 ὀξύ-

638 1724 813 1771 νεται
861 1707 951 1770 ὡς
995 1705 1097 1770 καὶ
1148 1705 1268 1785 ἤδη
1326 1704 1546 1790 εἶπον,
1602 1708 1725 1792 νή,
1782 1709 1905 1790 μή,
1962 1708 2162 1785 πλήν
2208 1707 2311 1770 καὶ
2351 1706 2427 1771 τὸ
2474 1707 2613 1785 δήν
2657 1707 2759 1772 καὶ
2800 1708 2874 1771 τὸ
2917 1706 2955 1784 ἥ
3001 1705 3206 1770 ἰςοδυ-

639 1811 883 1886 ναμοῦν
927 1813 1018 1891 τῷ
1066 1808 1154 1872 ὡς
1200 1809 1280 1887 «ἣ
1325 1808 1496 1888 θέμις
1542 1809 1706 1874 ἑςτί»
1754 1811 1832 1892 (Β
1863 1808 2008 1892 37),
2054 1810 2156 1889 φή
2203 1807 2342 1873 ἀντὶ
2383 1812 2500 1873 τοῦ
2543 1808 2823 1887 καθάπερ
2882 1809 3015 1888 «φὴ
3058 1807 3210 1872 νέος

639 1908 757 1973 οὐκ
809 1907 1243 1989 ἀπάλαμνος».
1329 1912 1405 1975 τὸ
1463 1911 1534 1975 δὲ
1585 1913 1624 1994 ᾗ
1683 1911 1822 1977 ἀντὶ
1877 1915 1993 1977 τοῦ
2050 1911 2220 1976 ὅπου
2275 1911 2377 1975 καὶ
2432 1910 2573 1975 ἀντὶ
2633 1914 2750 1974 τοῦ
2804 1909 2962 1973 καθά
3016 1905 3208 1973 τοῢ’ῖ

538 2018 601 2069 15
637 2011 1107 2090 προςκειμένουΙ
1136 2015 1507 2090 περιςπᾱται
1555 2014 1644 2078 ὡς
1688 2014 1790 2077 καὶ
1831 2014 1906 2077 τὸ
1951 2019 2050 2095 πῇ
2095 2014 2169 2077 τὸ
2216 2011 2683 2092 έρωτηματικὸν
2738 2012 2840 2077 καὶ
2891 2012 3049 2076 αὐτὸ
3094 2011 3207 2076 ςὺν

636 2119 727 2193 τῷ
770 2116 804 2176 ἶ
846 2115 949 2178 καὶ
990 2113 1064 2178 τὸ
1108 2118 1196 2197 κῇ
1242 2112 1385 2178 ἀντὶ
1425 2119 1543 2179 τοῦ
1588 2115 1716 2179 ἐκεῖ
1758 2120 1966 2199 τροπῇ
2010 2118 2120 2192 τῆς
2178 2121 2229 2180 ἑι
2275 2114 2631 2195 διφθόγγου
2687 2113 2776 2179 εἰς
2820 2133 2858 2194 ῃ
2903 2113 3203 2177 Αἰολικῶς

635 2214 738 2278 καὶ
783 2218 883 2294 βῆ·
914 2214 1146 2294 μίμημα
1190 2218 1415 2295 φωνῆς
1459 2215 1703 2293 ἀλόγου
1748 2216 2172 2298 ἰςοδυναμοῦν
2217 2223 2308 2300 τῷ
2355 2220 2708 2297 βληχάςθαι.

803 2316 896 2379 Τὰ
939 2316 1174 2396 ἔχοντα
1216 2320 1291 2383 τὸ
1337 2322 1390 2382 ω
1447 2318 1733 2385 ὀξύνεται
1789 2320 1890 2383 καὶ
1942 2324 2339 2398 περιςπᾶται·
2406 2321 2480 2384 τὸ
2523 2320 2651 2383 τώς
2695 2317 3195 2384 ἀνταποδοτικόν

637 2418 824 2484 «τὼς
869 2418 939 2483 δέ
984 2419 1046 2483 ς’
1090 2419 1472 2499 ἀπεχθήρω»
1522 2421 1593 2503 (Γ
1621 2420 1794 2506 415).
1870 2422 1945 2486 τὸ
1990 2423 2119 2504 τώ,
2165 2420 2273 2488 ὅτε
2317 2422 2392 2487 τὸ
2438 2421 2537 2486 διό
2583 2419 2860 2501 ςημαίνει
2910 2422 3037 2486 «τὼ
3079 2421 3196 2485 οὐκ

635 2709 695 2760 δὲ
734 2710 825 2760 mis
862 2736 929 2746 —
973 2710 1009 2759 l.
1048 2713 1071 2760 1
1110 2709 1452 2775 ὑπιςχνεῑται
1495 2728 1561 2762 ex
1598 2712 1781 2764 Schol.
1816 2713 1864 2764 A
1900 2713 1969 2763 ad
2007 2713 2069 2766 ΙΙ,
2108 2712 2155 2765 Ξ
2195 2715 2315 2779 143,
2361 2714 2455 2763 ubi
2493 2714 2857 2780 subscriptum
2895 2716 2982 2764 est
3017 2709 3202 2763 οὕτως

636 2776 975 2843 Ἡρωδιανὸς
1023 2778 1085 2831 ἐν
1118 2784 1199 2845 τῇ
1248 2779 1504 2831 καθόλου.
1574 2782 1709 2832 Inde
1755 2784 1824 2833 ab
1863 2780 2278 2835 ἀνταποδοτικὰ
2311 2809 2378 2819 -
2417 2784 2450 2832 1.
2490 2786 2521 2833 3
2556 2781 2701 2833 ὅπου
2749 2800 2814 2833 ex
2851 2782 2974 2831 Are.
3014 2782 3135 2838 182,
3172 2784 3202 2831 7

635 2849 838 2912 recepi.
874 2874 939 2881 -—
987 2847 1023 2896 l.
1061 2850 1094 2898 4
1130 2848 1196 2898 de
1235 2846 1471 2900 πώποτε
1517 2850 1589 2899 of.
1636 2851 1702 2900 Il.
1739 2850 1828 2898 Pr.
1867 2850 1908 2901 Α
1949 2854 2069 2901 154:
2119 2849 2379 2902 πώποτ’;
2431 2849 2616 2901 οὕτως
2653 2850 2762 2913 ὑφ’
2798 2849 2886 2911 ἕν,
2942 2846 3202 2910 πώποτε,

640 2911 1004 2979 Ἀρίςταρχος.
1054 2943 1121 2951 -—
1175 2916 1301 2967 Are.
1339 2919 1460 2979 184,
1500 2921 1557 2966 11
1598 2918 1786 2968 habet:
1843 2917 1912 2969 τὸ
1950 2916 2184 2969 πώποτε
2223 2917 2706 2983 προπαροξύνεται
2744 2918 2833 2969 καί
2869 2918 3202 2981 περιςπᾶται

635 2982 774 3046 (BC)
824 2986 1264 3048 προπεριςπᾶται
1314 2982 1430 3047 (Α),
1487 2987 1581 3036 ubi
1626 2986 1884 3036 Schmidt.
1931 2993 2232 3052 praeeunte
2279 2987 2510 3037 Lehrsio
2567 3003 2654 3051 qu.
2703 3003 2788 3050 ep.
2834 3002 2886 3050 p.
2935 2988 3031 3035 130
3075 2986 3201 3035 πῶς

636 3064 774 3101 ποτε
813 3051 1085 3102 excidisse
1122 3053 1463 3118 suspicatur,
1502 3054 1646 3118 quod
1684 3055 1884 3119 recepi.
2023 3054 2056 3103 l.
2091 3056 2122 3104 8
2159 3054 2406 3118 Theogn.
2448 3058 2557 3111 155,
2595 3058 2658 3103 29
2697 3057 2763 3104 νῦ
2801 3054 2902 3115 γρῦ
2941 3054 3010 3114 μῠ
3050 3066 3200 3114 περι-

634 3120 862 3181 ςπᾶται,
902 3122 972 3181 μῦ
1010 3121 1272 3171 Lehrsius
1309 3137 1395 3185 ap.
1432 3123 1552 3172 Arc.
1590 3125 1703 3181 182,
1741 3125 1773 3172 9
1812 3125 2127 3188 auspic-atus
2164 3129 2284 3172 erat
2319 3138 2414 3187 pro
2452 3125 2581 3184 νῦν,
2630 3122 2727 3171 sed
2764 3128 2946 3171 tuetur
2980 3122 3082 3170 νῦν
3119 3121 3197 3169 10.

632 3186 715 3236 Al.
754 3186 963 3239 addens
999 3187 1284 3253 χρονικόν,
1324 3189 1394 3238 cf.
1432 3189 1496 3242 11.
1533 3193 1622 3242 Pr.
1662 3189 1695 3241 Γ
1731 3193 1820 3241 97:
1869 3188 1939 3241 τὸ
1984 3192 2088 3240 νῦν
2125 3188 2553 3254 περιςπαςτέον,
2601 3188 2706 3239 κάν
2752 3187 2999 3253 παρέλκῃ
3047 3187 3200 3251 παρὰ

633 3258 718 3319 τῷ
757 3259 979 3321 ποιητῇ.
1052 3256 1093 3307 Α
1131 3259 1257 3306 421:
1302 3257 1372 3307 τὸ
1409 3259 1512 3308 νῦν
1547 3256 1671 3308 ἀντὶ
1705 3261 1809 3308 τοῦ
1845 3257 1936 3322 δή·
1973 3256 2057 3308 διὸ
2094 3258 2184 3309 καὶ
2221 3256 2550 3322 Τυραννίων
2587 3254 2744 3321 ἠξίου
2780 3255 2998 3308 ὀξύνειν
3033 3253 3196 3317 αὐτὸ,

634 3322 739 3373 οὐκ
776 3322 856 3374 εὖ.
930 3322 980 3375 Φ
1015 3327 1141 3375 428:
1181 3322 1394 3389 εἴρηται
1441 3324 1527 3376 ὅτι
1562 3325 1631 3376 τὸ
1667 3327 1770 3376 νῦν
1805 3325 1890 3377 ἀεὶ
1937 3323 2086 3389 παρὰ
2128 3329 2213 3390 τῷ
2252 3329 2458 3391 ποιητῇ
2506 3327 2862 3389 περιςπᾶται,
2913 3321 3015 3373 κᾶν
3062 3337 3200 3387 παρ-

632 3388 796 3455 έλκῃ,
834 3392 1004 3455 χωρὶς
1042 3389 1090 3443 εἰ
1127 3391 1200 3455 μὴ
1240 3391 1444 3456 μέτρον
1479 3392 1691 3445 κωλύοι
1728 3392 1806 3445 ὡς
1831 3393 1925 3445 ἐπὶ
1949 3396 2052 3444 τοῦ
2090 3392 2301 3457 «δεῦρό
2337 3409 2440 3444 νυν
2466 3393 2500 3457 ἢ
2535 3391 2844 3457 τρίποδος»
2879 3391 2967 3441 καὶ
3003 3389 3198 3442 «ἐκτε-

630 3457 745 3509 λέει
782 3456 882 3510 ὅςα
919 3457 1030 3511 πού
1068 3474 1170 3509 νυν
1207 3458 1524 3515 ἐέλπεται».
1576 3460 1613 3513 Κ
1644 3464 1762 3512 105:
1800 3460 1901 3513 ὅςα
1930 3461 1997 3512 νύ
2025 3476 2134 3513 που
2172 3459 2456 3512 {emta-m:
2494 3461 2563 3512 τὸ
2600 3463 2705 3511 νῦν
2742 3458 2937 3511 ἐνθάδε
2973 3461 3199 3511 ςυςταλ-

629 3524 762 3577 τέον
799 3526 888 3578 διὰ
922 3526 991 3578 τὸ
1030 3526 1237 3592 μέτρον
1274 3528 1461 3594 ὥςπερ
1506 3529 1595 3580 καὶ
1641 3528 1732 3580 ἐπὶ
1767 3532 1872 3580 τοῦ
1909 3528 2120 3593 «δεῦρό
2166 3544 2268 3579 νυν
2314 3529 2349 3593 ἢ
2396 3527 2702 3593 τρίποδος»
2740 3529 2824 3591 (11.
2862 3527 2908 3580 Ψ
2943 3527 3083 3593 485).
3151 3527 3200 3579 Ψ

627 3597 754 3646 485:
811 3593 1009 3647 ἐνθάδε
1053 3595 1122 3646 τὸ
1158 3611 1261 3646 νυν
1297 3597 1630 3648 ςυςταλτέον
1673 3596 1761 3648 διὰ
1805 3598 1875 3648 τὸ
1921 3595 2142 3661 μέτρον.
2200 3598 2269 3647 ef.
2308 3598 2485 3649 Lehrs
2522 3613 2608 3662 qu.
2646 3614 2729 3662 ep.
2771 3599 2866 3647 130
2901 3611 3052 3661 seqq.
3125 3598 3197 3658 μῦ

629 3661 821 3712 addidi
860 3679 927 3713 ex
953 3663 1210 3728 Theogn„
1240 3666 1351 3728 ’γρῠ
1390 3668 1568 3730 ει.κρῖ
1605 3681 1672 3719 ex
1697 3666 1933 3716 Arcadio
1970 3670 2345 3729 accesserunt,
2384 3682 2480 3731 pro
2517 3669 2604 3729 κρῖ
2639 3665 2774 3718 Lob.
2811 3664 2896 3716 El.
2934 3666 2962 3714 I
2997 3667 3097 3716 286
3132 3680 3198 3714 ex

629 3731 828 3780 Choer.
854 3732 957 3796 Ep.
979 3733 1038 3781 in
1061 3732 1264 3783 Psalm.
1290 3735 1375 3794 95,
1403 3737 1466 3784 10
1491 3735 1590 3797 βρῡ
1628 3734 1883 3798 proponit
1917 3734 2094 3798 ipsum
2132 3736 2223 3797 κρῖ
2256 3750 2363 3783 non
2400 3734 2712 3798 repudians.
2741 3758 2805 3768 —
2831 3732 2867 3782 l.
2894 3734 2926 3783 9
2963 3732 3197 3782 fortasse

629 3797 836 3849 exeidit
870 3798 934 3862 ἅ,
975 3798 1041 3849 de
1079 3815 1185 3864 quo
1222 3801 1476 3850 Eustath.
1514 3804 1638 3862 855,
1679 3805 1764 3851 19:
1812 3798 1994 3852 ίςτέον
2029 3800 2117 3852 ὅτι
2153 3800 2386 3865 εὕρηται
2420 3800 2571 3865 παρὰ
2606 3804 2724 3851 τοῖς
2760 3801 3013 3851 παλαιοῖς
3057 3798 3125 3849 τό
3161 3801 3198 3850 ἃ

628 3865 719 3915 καὶ
759 3865 897 3928 μετὰ
934 3865 1125 3919 δαςὲος
1162 3866 1480 3930 πνεύματος
1518 3868 1609 3919 καὶ
1653 3866 1835 3920 ὀξείας
1883 3868 2328 3934 προφερόμενον.
2398 3869 2491 3920 καὶ
2526 3872 2700 3920 κεῖται
2745 3866 2808 3919 ἐν
2842 3866 3072 3932 ἐπιλογῇ
3109 3866 3196 3918 λέ-

628 3934 774 3985 ξεων
810 3932 1037 4000 ἀρχαίᾳ,
1076 3933 1161 3985 ὅτι
1198 3932 1233 3985 ἃ
1268 3933 1304 3985 ἃ
1339 3936 1609 3988 δαςυνθὲν
1645 3935 1867 3998 γέλωτα
1903 3936 2075 4002 δηλοῖ.
2145 3935 2332 3989 οὕτως
2369 3937 2459 3988 καί
2506 3938 2574 4000 βᾶ
2606 3934 2884 4000 ἐπίρρημα
2917 3935 3049 4000 παρ’
3085 3934 3200 3999 Ἐρ-

627 3998 854 4068 μίππῳ,
893 4002 1035 4066 ὅπερ
1071 4000 1350 4066 εἰώθαμεν
1387 4002 1727 4066 ἐπιβοῶντες
1764 4003 1974 4069 λέγειν,
2013 4003 2091 4055 ὡς
2128 4005 2217 4056 καὶ
2243 4005 2417 4069 τοῦτό
2443 4020 2608 4070 φαςιν
2641 4002 2695 4056 οἱ
2729 4002 2959 4068 ἀρχαῖοι.
3003 4004 3197 4053 LehrS.

624 4070 794 4121 Arist.
831 4087 884 4136 p.
920 4073 1021 4122 325
1060 4072 1143 4121 ed.
1180 4073 1253 4124 ΙΙ.
1390 4074 1426 4125 l.
1466 4076 1526 4121 12
1565 4079 1621 4123 et
1661 4076 1722 4124 13
1759 4073 2074 4124 emendavit
2109 4073 2287 4123 Lehrs
2323 4089 2409 4138 qu.
2447 4090 2532 4138 ep.
2560 4076 2626 4123 44
2653 4088 2800 4137 seqq.
2836 4099 2901 4108 —
2936 4072 3020 4121 De
3053 4070 3090 4134 ἤ
3126 4072 3196 4122 cf.

623 4138 691 4189 11.
729 4140 819 4189 Pr.
859 4137 898 4190 Β
937 4141 1026 4190 ⁷3:
1065 4137 1100 4203 ἢ
1138 4138 1288 4203 θέμις
1324 4138 1460 4191 ἑςτίε
1498 4139 1567 4192 τὸ
1602 4140 1638 4204 ἥ
1674 4139 1992 4195 δαςυντέον.
2064 4139 2131 4192 οὐ
2169 4139 2273 4205 γάρ
2310 4139 2422 4192 ἑςτι
2457 4140 2753 4203 ςύνδεςμος
2789 4138 2913 4191 ἀλλ’
2950 4136 3196 4191 ἰςοδυνα·

627 4208 769 4269 μοθν
805 4209 888 4271 τῷ
928 4205 1332 4273 ὥς.ἑπίρρημα.
1405 4209 1416 4260 Ι
1460 4211 1579 4259 134:
1628 4206 1663 4272 ἢ
1701 4208 1854 4271 θέμις
1898 4207 2224 4273 ἀνθρώπων
2271 4208 2425 4260 πέλει
2470 4207 2693 4273 ἀνδρῶν
2737 4207 2837 4271 ἠδὲ
2881 4209 3193 4268 γυναικῶνε

624 4272 694 4325 τὸ
730 4276 767 4338 ἦ
801 4273 870 4325 τὸ
907 4276 1141 4339 πρῶτον
1177 4274 1507 4327 δαςυντέον·
1556 4276 1667 4328 ἔςτι
1713 4277 1818 4341 γὰρ
1865 4274 2234 4339 ίςοδυναμοῦν
2267 4280 2352 4341 τῷ
2391 4276 2496 4341 ὥς,
2542 4277 2627 4328 διὸ
2674 4274 2763 4327 καὶ
2811 4274 2844 4327 ὁ
2879 4273 2943 4326 τέ
2979 4272 3195 4339 προετί-

624 4345 781 4393 θεται
824 4341 1122 4407 ςύνδεςμος
1167 4343 1451 4396 πολλάκις.
1526 4342 1605 4395 ὡς
1651 4344 1755 4410 γὰρ
1793 4343 2028 4408 λέγομεν
2063 4344 2250 4397 «ὥςτε
2296 4343 2401 4410 γὰρ
2437 4344 2472 4409 ἢ
2520 4344 2711 4396 παῖδες
2759 4341 2991 4407 νεαροί»
3027 4341 3113 4407 (11.
3151 4341 3193 4393 Β

623 4411 773 4474 209),
810 4409 995 4462 οὕτως
1031 4411 1174 4475 «ἥτε
1212 4410 1412 4464 ξείνων
1449 4410 1599 4476 θέμις
1634 4410 1826 4465 ἐςτίν»
1864 4414 1989 4475 (Od.
2026 4428 2043 4463 ι
2078 4411 2220 4479 268).
2386 4413 2421 4463 1.
2463 4415 2524 4463 14
2557 4411 2627 4464 τὸ
2663 4412 2723 4463 δὲ
2759 4411 2793 4477 ᾖ
2831 4439 2898 4447 —-
2932 4411 3194 4473 περιςπᾶ-

623 4491 714 4528 ται
751 4495 818 4530 ex
854 4478 974 4528 Arc.
1012 4481 1136 4541 183,
1172 4481 1203 4529 6
1248 4481 1428 4531 adieci
1472 4482 1696 4532 insertis
1739 4484 1843 4532 τοῦ
1883 4485 1914 4533 ἶ
1949 4479 2346 4546 προςκειμένου
2383 4486 2638 4532 monente
2676 4480 2850 4530 Lehrs
2887 4495 2936 4543 p.
2970 4480 3052 4529 45.
3123 4478 3193 4527 de

623 4545 657 4610 ᾖ
695 4546 859 4597 locali
897 4548 967 4597 ef.
1004 4548 1068 4597 11.
1095 4550 1188 4600 Pr.
1215 4547 1271 4599 Μ
1296 4551 1414 4611 430,
1452 4547 1530 4599 ὡς
1567 4549 1658 4600 καὶ
1694 4548 1762 4600 τὸ
1799 4553 1879 4615 πῇ
1917 4565 2090 4615 usque
2127 4550 2198 4601 ad
2235 4549 2394 4601 finem
2420 4566 2486 4600 ex
2511 4550 2755 4614 Theogn.
2781 4549 2897 4609 155,
2927 4549 3004 4609 18,
3041 4546 3194 4611 apud

625 4629 784 4678 quem
818 4631 914 4681 pro
952 4616 1019 4680 βῆ
1059 4617 1319 4682 seriptum
1356 4622 1441 4667 est
1477 4617 1595 4680 βλῆ.
1665 4618 1735 4668 ef.
1773 4619 1836 4670 E.
1875 4621 1946 4669 Μ.
1984 4622 2076 4681 78,
2112 4621 2180 4669 40
2215 4622 2272 4668 et
2309 4620 2432 4680 196,
2469 4621 2498 4669 7
2545 4619 2612 4681 βῆ
2649 4615 2718 4667 τὸ
2757 4613 3054 4680 μιμητικὸν
3087 4616 3192 4678 τῆς

621 4683 744 4732 τῶν
797 4681 1099 4746 προβάτων
1153 4686 1380 4749 φωνῆς,
1428 4683 1552 4748 οὐχὶ
1607 4682 1696 4749 βαί
1740 4684 1961 4748 λέγεται
2000 4686 2284 4739 Ἀττικῶς.
2357 4684 2627 4750 Κρατῖνος
2661 4681 3190 4747 Διονυςαλεξάνδρῳ

622 4748 698 4800 ‘⁶
721 4749 776 4867 δί
803 4747 1765 4872 ''¹123055oe‘ffsszfffiist‘ssffssrzffl't‘³251
1783 4750 2249 4887 λξγῖἴόβὲῗίῑξῷ»
2265 4753 2373 4886 1⁰le
2391 4751 3193 4884 M532e303‘2zss121335‘223101·

625 4884 942 4937 scribentes.
1007 4886 1151 4936 Illud
1195 4894 1461 4953 oxytonos
1504 4889 1893 4954 exhibuerunt,
1940 4891 2042 4941 hoe
2085 4906 2191 4958 quo
2235 4895 2465 4941 accentu
2507 4890 2824 4942 notaverint
2860 4888 3063 4951 (utrum
3096 4886 3183 4938 τὼ
