3664 5546
1161 426 1318 482 ΠΕΡΙ
1361 425 1752 482 «Aeolum-nc
1789 424 2211 481 ΠΡΟΕΩιΔΙΑ(
2261 425 2313 479 Γ.
2947 424 3028 491 73

445 601 548 667 καὶ
593 598 969 682 Χαριμάται,
1031 592 1202 663 κάτω
1259 598 1327 663 δ’
1369 598 1686 679 Ἡνίοχοι,
1753 597 1894 663 ἄνω
1948 599 2021 661 δὲ
2079 597 2402 676 Κοραξοί».
2495 597 2846 678 Ναβάτης
2903 596 3031 677 ἀφ’

445 702 528 768 οὗ
582 701 770 768 ἔθνος
823 706 956 768 τῶν
1009 701 1411 779 εὐδαιμόνων
1466 701 1769 782 Ἀράβων.
1860 701 2149 782 Ναβὰτης
2205 700 2277 766 δέ
2332 700 2498 766 ἐςτιν
2552 701 2836 782 ἀραβιςτὶ
2877 700 2916 765 ὁ
2961 701 3031 764 ἐκ

446 804 727 886 μοιχείας
750 804 1116 884 γενόμενος.
1152 803 1492 886 οἰκέτης,
1516 804 1931 887 ὀφελέτης,
1956 804 2331 885 φυλέτης,
2354 804 2708 884 εὐνέτης,
2733 804 3029 886 ἐρέτης,

444 906 796 989 γενέτης,
817 905 1176 988 γαμέτης,
1200 907 1551 986 Μακέτης
1586 907 1624 972 ὁ
1650 907 1987 996 Μακεδών,
2014 907 2464 985 Ματυκέτης
2496 905 2686 972 ἔθνος
2709 906 3027 972 (κυθικόν.

445 1011 770 1077 Ἑκαταῖος
813 1009 1100 1093 Εὐρώπῃ.
1191 1009 1692 1088 Μαςςαγέτης
1734 1010 1926 1075 ἔθνος
1971 1007 2264 1091 Εκυθῶν,
2319 1008 2476 1074 ἔνθα
2525 1009 2725 1087 Κῦρος
2780 1008 3026 1076 ἐτελεύ-
3056 1018 3088 1069 5

446 1134 606 1193 τηςε.
693 1111 1123 1190 Εὐεργέτης
1179 1109 1480 1177 Εκυθικόν
1537 1112 1744 1178 ἔθνος.
1834 1112 2133 1193 (Στράβων
2187 1113 2280 1197 (Ρ.
2327 1110 2479 1192 724)
2534 1112 2573 1176 ὃ
2628 1113 2730 1177 καὶ
2784 1112 3029 1192 Ἀριμα-

446 1214 592 1281 ςποί
636 1214 912 1290 ἐλέγετο.
987 1214 1117 1280 ἐκεῖ
1158 1215 1281 1293 γὰρ
1325 1219 1457 1279 τῶν
1502 1214 1608 1280 ἐπὶ
1649 1219 1760 1294 τῆς
1792 1215 2057 1294 Ἀργοῦς
2102 1219 2416 1295 χειμῶνος
2461 1215 2854 1281 πνεύςαντος
2898 1220 3028 1280 δια-

446 1322 721 1396 ςωθῆναι
764 1318 840 1382 τὸ
886 1317 1130 1398 ςκὰφος
1175 1319 1276 1383 καὶ
1321 1317 1493 1382 οὕτω
1538 1321 1859 1398 κληθῆναι.
1948 1318 2439 1397 Θυςςαγέτης
2490 1317 2681 1382 ἔθνος
2725 1318 2871 1397 περὶ
2913 1320 3030 1397 τὴν

449 1422 734 1486 Μαιῶτιν
792 1418 1016 1499 λίμνην
1083 1421 1174 1485 ὡς
1227 1419 1577 1499 Ἡρόδοτος
1641 1418 1769 1502 (IV
1823 1418 1954 1501 22).
2052 1420 2391 1499 Τορέτης
2447 1420 2637 1486 ἔθνος
2691 1420 3030 1485 Ποντικόν.

447 1522 940 1602 Ἀπολλόδωρος
995 1523 1273 1606 δευτέρῳ
1328 1524 1478 1601 περὶ
1528 1526 1660 1601 γῆς.
1752 1523 2161 1602 Μυργέτης
2218 1523 2408 1590 ἔθνος
2454 1522 2771 1588 (Σκυθικόν.
2860 1523 3029 1587 Ἑκα-
3070 1530 3135 1582 10

447 1629 630 1691 ταῑος
675 1625 964 1708 Εὐρώπῃ.
1021 1623 1371 1707 ·ἀρότης,
1429 1625 1800 1708 ἀγρότης,
1867 1625 2242 1709 δημότης,
2298 1626 2586 1706 ὀμότης
2641 1627 2744 1690 καὶ
2786 1632 3030 1694 ξυνω-

447 1729 720 1809 μότης,
773 1727 1137 1808 τοξότης,
1180 1726 1548 1809 ἱππότης,
1606 1729 2006 1807 δεςπότης.
2088 1728 2489 1809 ςεςημείωται
2543 1729 2621 1794 τὸ
2679 1728 3030 1807 εὑρετής·

447 1831 523 1896 τὸ
581 1829 797 1908 μέντοι
859 1829 1239 1911 ἀθλητὴς,
1305 1831 1686 1911 μαθητής,
1740 1830 2102 1913 ποιητής,
2168 1832 2543 1912 μαχητής,
2610 1831 3030 1911 ἐγγυητής,

449 1931 862 2013 φοιτητὴς,
904 1933 1327 2012 τρυγητής,
1372 1932 1793 2014 ἀκονητὴς,
1838 1933 2216 2015 αὐλητής,
2260 1934 2672 2015 πειρατὴς,
2718 1934 3030 2013 θεατής,

450 2035 866 2116 τορευτὴς,
913 2035 1379 2116 βραβευτὴς,
1409 2036 1843 2117 χρυςωτής,
1889 2037 2371 2118 ςταυρωτής,
2403 2036 2861 2117 βεβαιωτὴς,
2905 2041 3028 2113 Ζη-
3074 2042 3133 2093 15

453 2137 698 2215 λωτής
715 2185 733 2217 ,
778 2137 1217 2214 διορθωτὴς
1262 2135 1583 2217 ὀξύνεται,
1637 2137 1734 2203 ὅτι
1793 2139 1875 2202 οὐ
1933 2143 2234 2219 βραχεῖαν
2288 2138 2419 2218 ἔχει
2463 2140 2580 2217 τὴν
2623 2139 3030 2217 παραλήγου-

451 2260 581 2307 mv,
669 2239 763 2304 Τὰ
804 2239 928 2317 γὰρ
971 2238 1061 2303 εἰς
1103 2242 1216 2316 ‘fn-c
1260 2238 1566 2318 ῥηματικὰ
1611 2240 1771 2319 ὑπὲρ
1817 2240 1937 2305 δύο
1984 2241 2296 2321 ςυλλαβὰς
2340 2240 2525 2322 φύςει
2570 2245 2787 2323 μακρᾷ
2829 2260 3030 2318 παρα-

453 2341 772 2421 ληγόμενα
827 2340 1154 2408 ὀξύνεςθαι
1218 2341 1404 2406 θέλει.
1492 2336 1612 2406 οὐκ
1671 2341 1797 2421 ἄρα
1864 2344 2056 2418 ὑγιῶς
2110 2343 2483 2423 Τυραννίων
2548 2343 2892 2423 παροξύνει
2955 2344 3032 2407 τὸ

451 2444 837 2522 ἑεδνωτὴς
895 2445 1302 2523 ςχηματιςθὲν
1365 2444 1539 2522 παρὰ
1602 2445 1677 2511 τὸ
1746 2445 2168 2510 «ἑεδνώςαιτο
2235 2446 2558 2525 θύγατρα»
2620 2443 2777 2528 (Od.
2826 2450 2862 2525 β
2902 2443 3031 2526 53).

452 2545 711 2624 μάχεται
768 2546 838 2610 δὲ
892 2545 967 2610 τὸ
1023 2546 1514 2627 κυβερνήτης.
1613 2549 1690 2612 τὸ
1745 2548 1868 2626 γὰρ
1926 2547 2164 2625 ἀήτης
2218 2549 2298 2612 οὐ
2354 2552 2529 2628 παρὰ
2575 2549 2741 2629 ῥῆμα
2783 2548 3031 2624 γέγονε.
3068 2556 3137 2605 20

449 2650 528 2714 τὰ
571 2649 694 2728 γὰρ
738 2648 829 2713 εἰς
873 2650 987 2728 ’τῆς
1031 2650 1217 2731 φύςει
1262 2653 1467 2733 μακρᾷ
1495 2651 1993 2730 παραληγόμενα
2036 2652 2118 2731 μὴ
2148 2650 2456 2732 ῥηματικὰ
2502 2652 2860 2733 βαρύνεται,
2903 2670 3032 2715 κο-

455 2806 690 2815 σ-υ-ο-ῃ

586 2907 624 2958 l.
656 2911 689 2959 3
734 2907 985 2973 φυλέτης
1022 2908 1260 2959 accessit
1303 2924 1370 2959 ex
1415 2905 1492 2958 St.
1530 2907 1591 2957 B.
1629 2909 1756 2971 674,
1792 2912 1852 2971 8,
1901 2907 2134 2974 εὐνέτης
2180 2908 2377 2974 ἐρέτης
2423 2925 2490 2961 ex
2536 2910 2781 2976 Theogn.
2817 2910 2911 2972 43,
2949 2911 3032 2971 21,

451 2975 647 3041 quide
682 2991 781 3026 suo
818 2977 1031 3028 addidit
1077 2974 1483 3041 ςτρατηγέτης;
1529 2974 1792 3042 γενέτης,
1843 2975 2089 3042 γαμέτης
2134 2995 2200 3028 ex
2235 2979 2335 3029 An.
2372 2977 2477 3033 Ox.
2514 2977 2550 3031 l.
2587 2995 2634 3029 c.
2703 2977 2944 3042 Reliqua
2976 2978 3035 3027 in

450 3045 1071 3177 ἓέηξῶῗωίῗίέιῗιδιὸαινοξ
1090 3060 1367 3177 :bigetun
1400 3043 1507 3164 διὲ
1524 3049 1628 3165 τιοοῦ
1646 3045 1719 3175 a*fd
1739 3044 2054 3179 ὥὲξέξιῖιῗιιι(
2091 3046 2294 3166 ἓὲκιῗς.
2304 3044 3034 3178 463102122220232e53cr51

451 3181 812 3240 Chomawa,
856 3184 941 3240 14,
988 3180 1226 3246 εὐρημαι
1271 3179 1536 3245 εὐρέθην,
1581 3185 1757 3234 τοῦτο
1801 3182 1909 3248 γὰρ
1955 3180 2044 3233 διὰ
2078 3185 2182 3234 τοῦ
2223 3197 2249 3234 ε
2290 3181 2491 3246 γέγονε
2536 3182 2678 3235 κατὰ
2720 3180 3035 3246 παθητικὸν

451 3247 711 3314 ἀόριςτον
744 3251 848 3313 τῆς
886 3248 1316 3314 παραληγούςης
1357 3252 1461 3301 τοῦ
1499 3251 1813 3315 παθητικοῦ
1853 3249 2263 3316 παρακειμένου
2298 3250 2369 3302 τὸ
2404 3255 2440 3314 ῆ
2476 3250 2735 3317 ἑχούςης,
2774 3250 2908 3302 ὅθεν
2944 3249 3036 3301 καὶ

451 3317 520 3369 τὸ
559 3316 739 3380 ὄνομα
774 3317 843 3369 τὸ
881 3316 1194 3383 ῥηματικὸν
1236 3316 1306 3368 τὸ
1344 3315 1576 3383 εὑρετής
1622 3318 1711 3371 διὰ
1755 3322 1859 3370 τοῦ
1899 3333 1925 3370 ε
1975 3317 2151 3383 ἐςτίν,
2199 3318 2343 3384 ὅπερ
2388 3319 2478 3378 καὶ
2524 3320 2668 3372 κατὰ
2710 3317 2816 3370 τὸν
2861 3317 3035 3370 τόνον

451 3384 770 3450 ἡμάρτηται
826 3384 1199 3448 ὸξυνόμενον,
1247 3385 1374 3450 περὶ
1420 3385 1488 3437 οὗ
1534 3385 1597 3436 ἐν
1643 3391 1727 3453 τῷ
1777 3386 2130 3453 Ὀνοματικῷ
2178 3387 2551 3452 ·,Ηρωδιανοῦ
2600 3386 2649 3440 εί
2691 3389 2807 3452 θεῷ
2844 3385 3032 3451 φίλον,

453 3452 825 3519 μαθηςόμεθα.
873 3482 937 3490 -
984 3455 1204 3504 nomina
1249 3455 1305 3504 in
1349 3457 1486 3516 οτὴς
1538 3462 1666 3506 sunt
1708 3472 1774 3506 ex
1819 3455 2063 3520 Theogn.
2103 3459 2194 3512 45.
2233 3460 2291 3517 3,
2343 3454 2593 3521 δημότης
2648 3457 2816 3507 habet
2868 3456 3035 3506 etiam

452 3521 637 3588 Steph.
678 3523 897 3586 Β.228,
938 3527 996 3573 11
1040 3527 1097 3573 et
1131 3519 1373 3586 ἀγρότης
1411 3527 1494 3586 22,
1533 3527 1592 3584 3,
1631 3523 1698 3575 de
1734 3522 1981 3589 δεςπότη
1985 3538 2013 3576 ς
2049 3525 2121 3574 ef.
2146 3526 2247 3576 An.
2275 3525 2375 3576 Ox.
2403 3525 2436 3576 l.
2463 3541 2509 3576 c.
2550 3531 2608 3575 et
2644 3524 2706 3574 Ε.
2732 3526 2806 3576 Μ.
2831 3525 2948 3585 258,
2976 3526 3033 3574 ⁷:

449 3589 728 3654 δεςπότης
775 3590 927 3655 παρὰ
971 3589 1039 3641 τὸ
1076 3589 1330 3643 δεςπόζω
1367 3589 1622 3644 δεςπόςιυ
1665 3590 1973 3644 δεδέςποκα
2009 3591 2396 3656 δεδέςποςμαι,
2441 3592 2511 3644 τὸ
2548 3590 2742 3657 τρίτον
2778 3590 3034 3644 δεδέςπο·

451 3672 596 3721 ςται,
634 3657 880 3724 δεςπότη
883 3673 911 3710 ς
948 3657 1005 3711 ἐξ
1042 3657 1220 3710 αὐτοῦ
1258 3659 1348 3711 καὶ
1374 3664 1446 3725 τῇ
1473 3658 1847 3724 ἐλλείψειτοῦ
1877 3675 1904 3713 ς
1930 3658 2258 3725 ἀνεβιβάςθη
2284 3660 2317 3711 ό
2341 3658 2525 3712 τόνος.
2544 3661 2665 3711 ——l.
2695 3664 2760 3712 13
2786 3658 3036 3725 μαχητής

453 3743 518 3776 ex
557 3698 876 3788 Ε.Μ.1.ο.,
913 3725 1591 3793 ἑγγυητὴς-ἀκονητής
1628 3728 2074 3793 exTheogn.46‚
2105 3730 2183 3791 14,
2221 3727 2490 3794 πειρατὴς
2526 3745 2593 3780 ex
2630 3729 2692 3780 ΙΙ.
2716 3731 2807 3780 Pr.
2836 3727 2878 3780 Ν
2918 3730 3035 3784 382,

451 3794 656 3859 θεατής
710 3811 780 3846 ex
824 3797 945 3846 Arc.
980 3798 1077 3858 26,
1117 3797 1209 3857 24,
1261 3796 1535 3862 τορευτὴς
1588 3795 1896 3861 βραβευτὴς
1944 3798 2006 3847 ll.
2045 3799 2134 3848 Pr.
2173 3795 2212 3850 Ε
2252 3800 2377 3861 158,
2429 3796 2719 3862 χρυςωτής
2776 3796 3035 3854 indidem,

449 3861 778 3929 ςταυρωτὴς
813 3891 879 3899 -
912 3860 1227 3928 διορθωτής
1264 3881 1331 3915 ex
1367 3865 1729 3928 noega-¹26,
1769 3868 1850 3916 17.
1887 3893 1952 3900 -—
1986 3866 2113 3916 1.17
2150 3865 2222 3918 τὰ
2256 3864 2363 3930 γὰρ
2397 3863 2476 3918 εἰς
2511 3879 2614 3930 της
2648 3881 2821 3931 usque
2859 3864 2930 3914 ad
2967 3863 3036 3916 οὐ

451 3930 602 3997 παρὰ
638 3931 790 3996 ῥῆμα
822 3929 1038 3994 γίνεται
1075 3933 1282 3997 sumpsi
1317 3949 1386 3984 ex
1420 3934 1484 3986 Il.
1508 3935 1598 3984 Ρι·
1641 3932 1683 3985 Ν
1722 3935 1849 3985 382:
1888 3931 2185 3985 ἑεδνωταί;
2234 3932 2314 3985 ὡς
2349 3931 2630 3998 χρυςωταί
2665 3934 2756 3985 καὶ
2793 3930 3036 3997 ποιηταί.

451 3997 781 4064 προείρηται
825 3999 886 4052 δὲ
922 3999 1059 4063 ἡμῖν
1101 3999 1173 4051 τὰ
1207 4002 1310 4064 τῆς
1348 4016 1488 4066 προς
1543 3999 1661 4052 δίας
1709 4000 1788 4053 ὡς
1824 4001 1897 4053 τὰ
1943 4000 2020 4053 εἰς
2055 4005 2158 4065 ff?
2193 4001 2471 4066 ῥηματικὰ
2514 4000 2658 4068 ὑπὲρ
2702 4000 2805 4054 δύο
2840 4001 3036 4053 ςυλλα-

451 4067 548 4130 βὰς
586 4067 750 4132 φύςει
789 4071 970 4135 μακρᾷ
1015 4068 1460 4134 παραληγόμενα
1492 4015 1794 4121 ιἵξύνεςθαι
1840 4068 2015 4132 θέλει,
2062 4069 2171 4122 αὐλ
2174 4067 2342 4136 η,τής
2382 4068 2677 4134 πειρατὴς,
2723 4067 3034 4134 χηρωςτὴς,

451 4135 790 4201 βραβευτὴς··
816 4136 1004 4189 οὕτως
1039 4136 1145 4188 οὖν
1181 4137 1271 4189 καὶ
1307 4137 1376 4189 τὸ
1416 4136 1722 4202 ἑεδνωτής,
1762 4138 2129 4202 ςχηματιςθὲν
2164 4138 2315 4202 παρὰ
2350 4137 2420 4189 τὸ
2456 4136 2839 4190 «ἑεδνώςαιτο
2870 4136 3037 4198 θύγα-

449 4218 637 4323 ἷξῖαιέ..
677 4176 2497 4339 ἕεἷ’ἐεδξηὶῧζτῖῗῖᾒ«κὲὲιὶἳίἳρνὲἆὲὥ.βίἒῗῗμὶῖῗέιῶῗῖἓζ.
2509 4205 2826 4338 δίῗὲμξέρ
2810 4222 2930 4325 ’.ιέ
2934 4207 3036 4336 ’.ἒξ

451 4338 705 4403 λήγοντα
719 4339 1017 4472 βρηματικὰ
1055 4340 1198 4405 ὑπὲρ
1241 4341 1344 4394 δύο
1381 4342 1654 4405 ςυλλαβὰς
1697 4341 1860 4405 φύςει
1908 4345 2088 4407 μακρᾷ
2133 4340 2577 4407 παραληγόμενα
2621 4341 2906 4403 ὀξύνεται,
2945 4356 3036 4393 το-

449 4407 2724 4544 5222953192013335233253652(,513333εὲ53ἳῗιῖ
2759 4409 3039 4538 5036'30‘253‘

450 4543 762 4610 χηρωςτής.
821 4543 1051 4608 μάχεται
1086 4545 1156 4597 τὸ
1185 4547 1323 4609 ,κυβε
1363 4544 1561 4613 νήτης·
1599 4545 1669 4597 τὸ
1705 4544 1811 4610 γὰρ
1848 4544 2026 4611 ἀήτης
2061 4545 2250 4598 ἄλλως
2284 4543 2511 4608 γέγονε·
2548 4546 2617 4598 τὸ
2654 4546 2714 4597 δὲ
2752 4544 2904 4611 παρὰ
2939 4544 3037 4599 Co-

451 4614 653 4677 φοκλεῑ
698 4611 762 4664 ἐν
803 4611 1150 4679 Ἀλεξάνδρῳ
1185 4562 1377 4678 «ca-eg(
1382 4629 1467 4666 ων
1511 4614 1569 4667 δ’
1603 4611 1760 4678 ἀγρώ
1763 4626 1902 4678 ςτην
1948 4613 2165 4678 ὄχλον»
2219 4611 2594 4679 παρώνυμον,
2650 4631 2756 4680 quo
2810 4616 2869 4665 in
2919 4614 3039 4664 loeo

451 4684 752 4732 coniuncta
789 4687 916 4732 sunt
949 4684 1169 4734 nomina
1205 4685 1263 4733 in
1298 4697 1400 4747 της
1438 4687 1495 4734 et
1529 4697 1659 4746 ςτης
1694 4683 1753 4732 ὶιι
1781 4681 2071 4734 catholica
2107 4683 2412 4748 disparata.
2550 4683 2584 4733 l.
2608 4685 2669 4732 21
2709 4681 2782 4733 τὰ
2817 4681 2924 4747 γὰρ
2960 4680 3038 4734 εἰς

451 4764 552 4813 της
597 4751 667 4801 ob
715 4752 1052 4801 sententiam
1098 4752 1330 4802 canonis
1376 4750 1562 4801 addidi
1609 4751 1862 4801 consulto
1900 4752 1962 4803 Ε.
2000 4752 2074 4804 Μ.
2110 4753 2200 4809 61,
2239 4754 2307 4803 54
2342 4748 2467 4816 (ΕΡ.
2505 4751 2664 4800 Ηοιιι.
2700 4752 2794 4810 23,
2831 4750 2919 4813 29)
2957 4749 3039 4802 δεῖ

452 4814 747 4880 γινώςκειν
785 4816 874 4868 ὅτι
911 4817 1098 4883 ὥςπερ
1133 4818 1203 4870 τὸ
1240 4816 1491 4884 κομήτης
1530 4818 1620 4869 καὶ
1657 4816 1906 4883 πεδήτης
1952 4819 2045 4871 καὶ
2082 4768 2517 4884 πλανήτης,Ρού
2554 4816 2858 4882 ῥηματικὰ,
2895 4818 3040 4870 ἀλλὰ

453 4886 772 4950 παρώνυμα
807 4883 922 4937 ἀπὸ
956 4889 1059 4938 τοο
1098 4885 1241 4952 πέδη
1279 4886 1370 4938 καὶ
1404 4884 1594 4950 πλάνη
1633 4885 1722 4938 καὶ
1760 4884 1932 4951 κόμη·
1970 4886 2126 4938 οὕτω
2164 4886 2255 4938 καὶ
2292 4885 2445 4950 παρὰ
2487 4884 2557 4936 τὸ
2603 4883 2741 4949 ἄλη,
2780 4884 2814 4938 δ
2850 4885 3038 4952 ςημαί-

452 4968 536 5006 νει
567 4953 681 5019 τὴν
718 4950 969 5019 πλάνην,
1004 4902 1241 5018 γίνεταιη
1253 4953 1481 5023 ἀλήτης.
1538 4953 1694 5010 οὕτω
1731 4953 2032 5011 Φιλόξενος
2069 4953 2148 5009 εἰς
2183 4954 2253 5006 τὸ
2288 4953 2599 5019 ῥηματικὸν
2633 4948 2840 5019 αὐτοῦ,
2880 4971 3040 5023 quem
