3664 5546
1504 423 1924 472 PRAEFATIO.
2812 422 3029 472 CXCIII

433 584 619 640 recte
663 575 1160 663 pronunciatum
1205 598 1350 640 esse
1396 585 1704 641 accurata
1747 574 2065 664 Hesychii
2109 598 2258 640 cum
2303 576 2623 662 scriptura
2664 576 3025 642 Herodiani

438 677 707 742 aliunde
751 677 1013 762 cognita
1059 678 1459 764 comparatio
1507 677 2005 745 demonstrabit.

615 779 828 860 Quum
885 778 1388 864 orthographiae
1445 779 1746 846 doctrina
1800 780 1976 867 apud
2032 789 2289 845 veteres
2345 780 2627 844 maxime
2682 780 2749 844 in
2803 780 3028 845 discri-

439 880 802 945 minatione
847 879 1232 968 diphthongi
1277 889 1330 948 “ε“ι
1376 890 1443 946 ct
1501 881 1749 947 vocalis
1795 887 1816 948 ῐ
1860 892 2190 964 versetur,
2246 904 2383 946 rem
2439 882 2533 946 sic
2587 883 3024 967 instituemus,

439 993 518 1047 ut
562 983 837 1069 primum
896 1005 974 1047 ea
1029 983 1352 1050 vocabula
1404 986 1849 1071 proferamus,
1908 985 1979 1048 in
2033 985 2268 1072 quibus
2315 983 2687 1071 Hesychius
2746 985 2816 1048 in
2871 986 3025 1050 scri-

439 1094 638 1170 ptura
682 1084 766 1150 ab
812 1083 1189 1150 Herodiano
1237 1085 1527 1169 differat,
1584 1097 1720 1152 tum
1780 1110 1884 1168 ea,
1932 1088 2000 1150 in
2056 1086 2293 1173 quibus
2352 1109 2497 1150 cum
2555 1108 2630 1151 eo
2689 1096 3026 1172 congruat,

440 1184 621 1250 unde
665 1187 1009 1273 apparebit
1054 1186 1502 1253 diversitatem
1547 1187 2008 1275 Hesychianae
2055 1191 2414 1275 scripturae
2470 1199 2582 1253 aut
2625 1188 2871 1255 nullam
2914 1202 3029 1256 aut

442 1287 777 1353 minimam
825 1299 1001 1353 certe
1044 1300 1111 1354 et
1153 1289 1532 1377 plerumque
1578 1289 2025 1356 excusabilem
2069 1313 2233 1356 esse.

615 1395 667 1455 ἐἰ
734 1392 995 1478 saepius
1054 1414 1159 1479 ap.
1215 1391 1503 1481 Hesych.
1563 1394 1878 1480 scriptum
1936 1404 2035 1458 est
2087 1416 2203 1481 pro
2258 1397 2308 1474 ῑ,
2376 1393 2493 1459 sed
2557 1394 2623 1458 in
2689 1392 3029 1481 permultis

443 1490 759 1578 exemplis
817 1491 1259 1579 diphthongus
1305 1518 1435 1560 non
1491 1505 1734 1560 temere
1789 1517 1907 1581 pro
1965 1499 2015 1577 i,
2074 1496 2189 1560 sed
2252 1494 2339 1559 ad
2391 1495 2864 1581 designandam
2918 1519 3029 1562 vo-

444 1593 606 1658 calis
651 1598 672 1659 ῐ
714 1595 1204 1681 productionem
1237 1595 1536 1662 adhibita
1565 1609 1666 1662 est
1707 1622 1763 1663 e.
1798 1620 1863 1682 g.
1912 1599 2224 1682 ἀγεινεῖν,
2271 1597 2512 1682 demde,
2559 1597 2788 1676 ἀείοιε,
2830 1599 3030 1676 Αἰγει-

443 1699 667 1778 ναῖον,
733 1698 1125 1778 Αἰγεινητικὰ
1181 1699 1372 1783 ἔργα,
1429 1701 1730 1784 Λάρειεα,
1801 1701 2194 1785 (τρόβειλοε,
2259 1723 2343 1765 ex
2409 1701 2643 1787 quibus
2710 1699 3031 1785 quaedam

444 1820 564 1863 suo
610 1795 748 1863 loco
794 1808 969 1864 recte
1024 1821 1140 1885 per
1184 1803 1207 1866 ῑ
1262 1800 1556 1865 exhibita
1612 1810 1764 1865 sunt
1821 1802 2031 1885 ἀῖκάε,
2088 1802 2248 1887 ἀῖοι,
2302 1803 2551 1879 Αἴγιναί
2636 1802 2746 1867 Ex
2800 1803 3029 1867 eadem

443 1899 916 1966 consuetudine
965 1904 1160 1966 etiam
1206 1901 1327 1967 hae
1374 1903 1737 1990 scripturae
1782 1902 2180 1968 variationes
2226 1915 2417 1969 natae
2463 1913 2643 1984 sunt,
2692 1906 3029 1985 δειφήεαν-

444 2022 583 2085 τες,
639 2009 885 2085 δειφῶν
944 2014 1010 2067 et
1065 2009 1293 2088 διφᾶν,
1352 2005 1526 2091 quod
1587 2003 1909 2071 Choerob.
1960 2007 2112 2088 191,
2169 2006 2253 2070 25
2320 2005 2736 2092 praescribit,
2806 2011 3030 2090 δεῖναι,

446 2105 718 2188 δείναιε,
776 2105 1018 2189 δείναε,
1076 2108 1375 2190 δεινεύει,
1434 2108 1773 2192 δεινεύειν,
1819 2111 2180 2192 δεινήεντα,
2236 2110 2539 2192 δείνηειν,
2595 2109 2856 2192 δείνοιε,
2903 2113 3029 2174 δεῖ·

444 2228 596 2291 νος,
663 2209 1003 2291 δεινωτήν,
1071 2213 1403 2274 δεινωταῖε
1479 2218 1546 2273 et
1612 2212 1964 2294 δινεύοιτο,
2040 2214 2286 2295 δινῆεν,
2367 2212 2675 2295 δινωτήν,
2754 2213 3029 2295 δινήεαε,

448 2314 801 2382 δινωτοῖει,
848 2332 1048 2396 quum
1093 2309 1507 2375 Herodianus
1566 2312 1637 2376 ἐν
1692 2320 1783 2396 τῷ
1839 2314 1985 2392 περὶ
2040 2314 2372 2393 (χημάτων
2427 2314 2492 2377 in
2550 2311 2765 2377 Schol.
2820 2311 2903 2377 ad
2949 2310 3029 2377 11.

448 2413 488 2475 Γ
534 2410 653 2474 391
705 2415 884 2477 δῖνο(
930 2413 1035 2477 διὰ
1078 2417 1195 2477 τοῦ
1238 2417 1260 2477 i
1302 2412 1696 2498 praecipiat,
1754 2416 1965 2494 χειλό(
2009 2422 2075 2478 et
2118 2416 2323 2499 χιλός,
2378 2414 2549 2500 quod
2606 2412 2838 2479 Choer.
2883 2415 3030 2497 276,

442 2512 530 2577 23
574 2512 848 2599 probat,
895 2513 1079 2580 εἴπο(
1125 2524 1191 2579 et
1234 2514 1385 2580 ἷποε
1427 2513 1884 2580 Choerobosco
1930 2515 2082 2581 ἶπο(
2127 2515 2644 2581 commendante.
2731 2515 2931 2580 Porro
2978 2538 3032 2582 ει

443 2613 663 2679 locum
707 2613 954 2679 vocalis
999 2619 1020 2680 ῐ
1064 2615 1315 2681 obtinet
1369 2616 1436 2679 in
1481 2617 1875 2699 εἰθύφαλλον
1932 2640 2049 2703 pro
2108 2619 2500 2700 ἰθύφαλλον,
2562 2620 2854 2699 μυετείλη
2909 2640 3026 2703 pro

444 2716 701 2799 μυσίλη
747 2717 900 2782 Arc.
953 2717 1091 2801 109,
1137 2718 1199 2799 9,
1244 2719 1548 2800 Τρεμείλη
1593 2740 1710 2805 pro
1755 2720 2026 2800 Τρεμίλη
2074 2719 2167 2783 St.
2210 2718 2321 2801 Β.,
2369 2720 2612 2801 Ἑρχειά
2655 2742 2772 2808 pro
2817 2721 3028 2801 Ἑρχιά

444 2819 545 2884 St.
599 2820 711 2899 B.,
789 2822 1114 2902 λείχανοε,
1195 2824 1445 2902 κεικύνη
1513 2843 1631 2907 pro
1699 2824 1919 2888 κίκυνα
1987 2821 2280 2907 Theogn.
2352 2822 2502 2902 101,
2572 2823 2681 2905 173
2752 2822 3029 2888 confusa

442 2930 601 2986 sunt
664 2921 838 2988 εἴδο(
902 2931 968 2985 et
1039 2922 1180 2988 ἶδοε
1243 2924 1313 2986 in
1376 2921 1600 3007 glossa
1673 2924 1850 2990 cibo<
1927 2928 2132 3004 καῦμα
2199 2932 2405 3007 ςῶμα,
2483 2945 2674 3010 porro
2747 2926 3022 3007 εφάγιον

441 3034 513 3089 et
579 3029 889 3106 (φαγεῖον
959 3047 1011 3087 s.
1079 3027 1386 3110 εφὰγιον,
1460 3030 1721 3103 λογεῖον
1793 3037 1860 3090 et
1926 3026 2149 3102 λόγιον
2217 3048 2267 3088 s.
2346 3027 2601 3105 λόγιον,
2672 3028 2892 3092 θαλεία
2963 3037 3029 3091 et

444 3127 650 3191 θαλία.
706 3125 961 3190 Vitiose
1007 3126 1322 3213 scriptum
1367 3139 1467 3193 est
1509 3129 1787 3209 ἡρώειον
1834 3150 1951 3215 pro
1995 3129 2272 3212 ἡρώῖον,
2318 3131 2543 3208 κρανία
2586 3150 2702 3214 pro
2746 3130 3027 3214 κράνεια,

445 3227 626 3314 quod
685 3236 750 3291 et
804 3229 1020 3314 ipsum
1081 3252 1185 3315 ap.
1231 3229 1519 3316 Hesych.
1579 3230 1891 3309 occurrit,
1946 3232 2024 3295 τὰ
2067 3230 2313 3295 Πύθεια
2368 3252 2484 3316 pro
2538 3231 2751 3295 Πύθια
2806 3228 2903 3296 St.
2949 3229 3026 3294 B.

443 3332 525 3396 In
573 3329 961 3416 quibusdam
1007 3330 1344 3397 vocabulis
1390 3331 1636 3418 duplex
1680 3331 2006 3397 scribendi
2051 3331 2217 3397 ratio
2250 3332 2402 3396 inde
2433 3332 2746 3416 originem
2789 3333 3030 3398 ducere

443 3431 741 3513 videtur,
787 3432 995 3520 quod,
1039 3456 1238 3520 quum
1280 3434 1694 3499 Herodianus
1743 3433 1823 3498 de
1878 3433 2142 3498 diversa
2196 3433 2521 3520 scriptura
2577 3435 2851 3520 egisset,
2897 3435 3029 3499 He-

444 3533 714 3620 sychius
777 3559 905 3599 uno
967 3534 1107 3601 loco
1175 3559 1401 3601 vocem
1456 3536 1548 3602 ita
1600 3535 1932 3615 exhibuit,
1989 3544 2063 3599 ut
2116 3524 2531 3601 Herodianus
2584 3545 3030 3624 praeceperat,

443 3635 655 3702 altero
710 3647 927 3702 autem
983 3638 1370 3725 scripturam
1425 3639 1510 3703 ab
1563 3660 1638 3702 eo
1695 3636 2110 3724 reprobatam
2166 3637 2460 3722 protulit.
2559 3637 2774 3719 Quum
2828 3638 3033 3722 igitur

446 3738 868 3804 Herodianus
916 3740 982 3805 in
1022 3739 1107 3804 Ε.
1152 3740 1243 3803 Μ.
1293 3740 1448 3822 122,
1495 3740 1580 3804 50
1624 3749 1851 3805 contra
1906 3737 2096 3802 aliter
2149 3740 2507 3804 scribentes
2555 3741 2806 3807 ἀπιθεῖν
2851 3762 2968 3827 per
3010 3745 3033 3808 ἰ

446 3840 855 3906 exarandum
875 3864 1042 3928 xesse
1087 3843 1613 3929 pronunciasset,
1660 3840 2032 3928 Hesychius
2088 3849 2153 3906 et
2197 3841 2530 3921 ἀπείθηεεν
2586 3851 2651 3907 et
2694 3842 3029 3908 ἀπιθοῦντι

446 3944 819 4031 proposuit,
879 3945 973 4008 sic
1034 3953 1098 4008 et
1155 3946 1325 4010 εἰλύε
1383 3955 1447 4007 et
1503 3944 1670 4029 ἰλύς,
1725 3944 1971 4030 pariter
2022 3953 2215 4030 atque
2272 3944 2498 4009 εἰλύεω
2556 3951 2622 4007 et
2676 3945 2865 4009 ἰλύεω
2921 3965 3026 4029 ap.

445 4044 738 4132 Hesych.
785 4047 1179 4133 reperimus,
1225 4068 1618 4133 quamquam
1664 4045 1899 4111 Choer.
1930 4045 2075 4125 225,
2106 4045 2147 4107 2
2192 4045 2328 4110 ἰλύς
2371 4043 2779 4131 praescribit.
2824 4044 3027 4108 Recte

446 4145 740 4233 Hesych.
785 4150 970 4214 Φθῖοι
1018 4147 1276 4231 scribit,
1336 4147 1451 4212 sed
1509 4149 1814 4214 Φθειάδεε
1870 4158 2097 4212 contra
2154 4146 2385 4212 Choer.
2429 4146 2586 4228 271,
2638 4147 2744 4229 17;
2802 4168 3025 4211 secun-

445 4250 606 4315 dum
653 4248 883 4314 Choer.
926 4251 1085 4334 276,
1129 4251 1211 4315 33
1256 4252 1509 4331 χιράδε(
1551 4249 1828 4335 probum
1874 4258 2002 4330 est,
2050 4247 2164 4313 sed
2206 4248 2492 4333 Hesych.
2539 4257 2795 4334 praeter
2838 4249 3026 4332 χίραι,

445 4350 628 4439 quod
671 4374 756 4416 ex
797 4355 1050 4432 χιρὰδε(
1094 4364 1470 4441 corruptum
1516 4362 1643 4433 est,
1690 4351 1962 4438 praebet
2006 4351 2206 4415 etiam
2235 4352 2554 4435 χειράδεε,
2602 4352 2694 4415 sic
2738 4359 2805 4416 et
2831 4351 3029 4417 Πίεεα

447 4452 714 4540 (Choer.
759 4452 916 4536 248,
968 4455 1032 4540 1)
1101 4465 1167 4520 et
1218 4457 1465 4523 Πείεεα.
1574 4438 1920 4540 Proprium
1984 4454 2239 4533 Φθιρῶν
2307 4452 2551 4517 Herod.
2621 4474 2723 4540 ap.
2793 4451 3027 4517 Choer.

442 4557 612 4638 274,
669 4557 712 4620 5
768 4579 885 4642 per
936 4561 989 4636 ῑ,
1045 4556 1515 4646 appellativum
1573 4556 1759 4637 φθείρ
1820 4577 1938 4641 per
1990 4556 2046 4621 εἶ
2102 4553 2518 4620 scribendum
2579 4554 2811 4635 tradit,
2866 4552 3026 4617 Hes.

443 4668 668 4725 autem
723 4659 1015 4739 Φθειρῶν
1071 4662 1405 4748 proprium
1460 4681 1576 4746 per
1618 4663 1672 4723 ῖι
1728 4656 2012 4723 exhibet.
2102 4658 2451 4723 Praeterea
2502 4654 2707 4720 solam
2760 4655 2842 4719 ab
2897 4654 3027 4718 He-

441 4759 742 4829 rodiano.
785 4760 1096 4827 reiectam
1159 4766 1549 4849 scripturam
1612 4758 2035 4825 Herodianea
2097 4760 2339 4825 omissa
2402 4759 2693 4823 servavit
2754 4756 2821 4819 in
2860 4757 3029 4823 ’Ῥει-

442 4866 583 4947 τοί,
639 4862 810 4950 quod
868 4873 932 4928 et
988 4854 1226 4930 Choer.
1272 4865 1428 4945 256,
1476 4865 1516 4929 3
1572 4874 1638 4930 et
1692 4865 1847 4929 Arc.
1894 4863 2004 4947 79,
2061 4863 2104 4927 4
2152 4863 2236 4928 ab
2292 4859 2666 4924 Herodiano
2722 4880 2838 4946 per
2889 4863 2912 4927 ῑ
2966 4870 3032 4933 et

522 5000 900 5038 annocum-s.
936 4986 981 5040 1.
2584 4982 2630 5027 n
