3664 5546
709 415 922 464 CXXVI
1797 412 2213 462 PRAEFATIO.

709 567 919 635 Schol.
966 568 1051 633 ad
1095 567 1326 654 Eurip.
1372 565 1716 654 Hippolyt.
1763 567 1889 631 408
1936 568 2004 632 ἐκ
2047 572 2164 633 τοῦ
2208 570 2288 649 μὴ
2334 569 2799 648 ἐπιζηλωθῆναι
2830 525 2917 633 ,τὸ
2962 566 3292 648 ἁμάρτημα

703 693 820 757 pro
867 672 1332 750 ἑπιζηλωθῆναι
1376 670 1489 754 ἄν,
1545 691 1737 755 porro
1794 668 2054 755 saepius
2113 669 2199 752 ab
2252 692 2327 734 eo
2370 672 2843 749 παραλήγεςθαι
2903 690 3051 733 cum
3105 691 3292 734 accu-

705 772 916 838 sativo
963 773 1272 855 coniungi
1318 772 1432 854 (cf.
1463 770 1670 836 Lehrs
1701 770 1952 836 Herod.
1982 770 2095 856 43)
2139 773 2268 836 iam
2312 781 2573 837 transeo
2617 771 2703 835 ad
2734 771 2932 836 totius
2976 771 3290 836 sermonis

592 889 602 898 ·
704 874 1308 940 conformationem.

870 975 1324 1054 Herodianus,
1371 985 1445 1039 ut
1487 975 1763 1040 orationi
1809 974 2218 1041 alacritatem
2264 986 2330 1041 et
2373 976 2797 1040 vivacitatem
2854 975 3288 1061 impertiatur,

704 1078 962 1162 saepius
1011 1087 1358 1165 praecepta
1413 1099 1531 1141 sua
1584 1087 1894 1165 tanquam
1948 1078 2032 1142 ad
2086 1087 2495 1163 praesentem
2551 1077 2871 1164 quendam
2928 1075 3289 1140 auditorem

701 1181 1119 1265 pronunciat:
1170 1179 1246 1243 E.
1280 1171 1370 1244 M.
1402 1180 1545 1259 663,
1590 1181 1674 1245 54
1715 1181 2016 1260 Περίηρς;
2064 1179 2226 1260 ἆρον
2271 1183 2346 1246 τὸ
2390 1184 2428 1258 ἦ
2475 1181 2781 1260 Περίηρς·
2828 1179 2942 1244 ἐάν
2990 1200 3087 1245 cot
3131 1199 3287 1258 προ-

701 1287 850 1366 τεθῇ
896 1284 1046 1362 παρ’
1078 1284 1400 1365 Ἀλκμᾶνι,
1447 1283 1543 1347 ὅτι
1574 1286 1796 1348 κλῖνον
1829 1284 2021 1367 αὐτό,
2068 1286 2148 1363 μὴ
2181 1283 2411 1368 κλίνῃς.
2472 1280 2657 1345 Idem
2688 1280 2851 1362 ἆρον
2886 1279 3289 1366 frequentius

704 1382 769 1444 in
828 1381 1153 1464 articulis,
1217 1384 1327 1470 qui
1383 1381 1469 1447 ad
1524 1383 1976 1448 Herodianum
2030 1397 2365 1450 auctorem
2422 1383 2745 1448 referendi
2803 1392 2984 1468 sunt,
3041 1380 3290 1445 inveni·

705 1495 842 1548 tur:
891 1485 970 1548 Ε.
1015 1484 1109 1549 Μ.
1153 1484 1298 1567 662,
1344 1485 1429 1550 55
1471 1487 1849 1566 πέπευςμαι·
1895 1485 2057 1566 ἆρον
2101 1489 2175 1552 τὸ
2219 1491 2269 1551 ἒ.
2357 1485 2482 1572 Ep.
2528 1487 2637 1550 Cr.
2684 1486 2718 1550 I
2762 1485 2911 1567 300,
2964 1486 2996 1547 1
3042 1485 3287 1549 νέαταιε

700 1588 776 1651 τὸ
822 1587 1102 1652 Ἰωνικὸν
1146 1589 1465 1653 νενὲαται·
1513 1587 1672 1668 ἆρον
1717 1590 1832 1667 τὴν
1879 1593 1951 1653 Vc
1998 1590 2312 1669 ςυλλαβὴν
2358 1589 2589 1655 νέαται.
2678 1586 2876 1652 Addo
2922 1584 3113 1650 haec:
3162 1584 3288 1670 Ep.

705 1686 815 1751 Cr.
864 1687 898 1751 Ι
941 1689 1097 1769 367,
1148 1691 1225 1752 13
1279 1691 1431 1769 ποίη
1475 1727 1562 1738 —
1605 1690 1718 1756 ἐὰν
1773 1691 1897 1770 γὰρ
1943 1691 2131 1775 λέγῃς
2177 1691 2281 1754 διὰ
2324 1694 2441 1754 τοῦ
2498 1696 2539 1753 α
2594 1689 2799 1766 ὀγδόα
2854 1693 2980 1754 κτλ.
3070 1687 3146 1751 Ε.
3194 1686 3288 1749 Μ.

701 1788 849 1870 260,
895 1790 976 1853 57
1025 1792 1265 1856 δείκνυ;
1317 1793 1525 1858 οὕτως
1569 1793 1992 1872 ἀναγνώςεις,
2039 1792 2164 1877 Ep.
2197 1789 2388 1854 Hom.
2429 1791 2568 1870 173,
2602 1792 2644 1854 5
2688 1791 2906 1873 εἴβεις,
2952 1790 3065 1875 qui
3110 1788 3288 1853 locus

703 1890 1027 1957 etiam'ob
1074 1890 1237 1957 alias
1283 1915 1514 1957 causas
1559 1892 1934 1957 Herodiano
1981 1891 2417 1957 vindicandus
2465 1905 2595 1972 est,
2653 1894 2720 1955 in
2777 1892 2905 1956 fine
2959 1891 3062 1955 bis
3120 1891 3289 1970 ἔχεις

701 1992 987 2078 positum
1032 2005 1157 2058 est:
1217 1996 1319 2059 καὶ
1363 1998 1441 2060 ὃν
1485 1997 1730 2075 τρόπον
1775 1997 1850 2061 τὸ
1895 1994 2007 2060 αἶα
2051 1996 2369 2060 οὐδέποτε
2409 1995 2554 2060 κατ’
2610 1993 2815 2074 ἀρχὴν
2859 1995 3026 2074 ἔχεις
3073 1994 3288 2071 ςτίχου

697 2096 873 2174 παρὰ
916 2101 1006 2180 τῷ
1054 2104 1316 2183 ποιητῇ,
1362 2099 1438 2162 τὸ
1483 2099 1554 2162 δὲ
1598 2101 1780 2178 γαῖα,
1839 2097 2045 2163 οὕτως
2089 2098 2405 2162 οὐδέποτε
2463 2098 2536 2161 τὸ
2595 2095 2747 2176 εἴβω
2804 2096 2970 2175 ἔχεις
3026 2092 3287 2181 (scripsi

696 2219 816 2282 pro
863 2196 1077 2283 εἴβεις)
1123 2199 1193 2263 ἐν
1240 2198 1403 2284 ἀρχῇ
1450 2199 1692 2283 ςτίχου,
1737 2199 1905 2264 ἀλλὰ
1948 2200 2023 2263 τὸ
2070 2201 2279 2279 λείβω.
2352 2196 2503 2261 Huc
2546 2198 2831 2283 pertinet
2874 2198 3072 2261 etiam
3118 2195 3289 2259 eius-

698 2297 875 2362 modi
921 2299 1236 2364 orationis
1282 2299 1522 2365 forma:
1571 2301 1651 2364 Ε.
1683 2300 1772 2364 Μ.
1810 2299 1953 2380 748,
1986 2300 2027 2364 3
2070 2301 2333 2365 ταυτόν·
2381 2301 2614 2367 διδάξω
2658 2301 2716 2364 τί
2747 2300 2912 2365 ἐςτιν
2955 2300 3031 2363 τὸ
3077 2297 3287 2363 αἴτιον

696 2410 762 2463 et
816 2403 1030 2480 μηδεὶς
1085 2401 1309 2466 οἰέςθω
1368 2401 1435 2464 in
1481 2402 1560 2467 E.
1606 2401 1699 2467 Μ.
1755 2424 1808 2464 S.
1867 2402 2069 2467 ἐθέλω
2125 2410 2191 2466 et
2246 2401 2508 2486 saepius
2570 2423 2675 2487 ap.
2735 2401 3284 2472 Choeroboscum‚

694 2502 807 2565 ubi
851 2501 1300 2569 Herodianum
1349 2503 1667 2568 exscribit
1708 2526 1772 2589 p.
1819 2503 1967 2583 882,
2012 2504 2116 2566 34.
2204 2503 2493 2568 Maxime
2538 2513 2754 2567 autem
2811 2504 3035 2567 variae
3091 2502 3283 2565 inter-

695 2604 1051 2688 rogationis
1107 2604 1357 2668 formae
1411 2604 1594 2669 velut
1649 2605 1727 2669 E.
1773 2605 1863 2669 M.
1911 2604 2070 2685 506,
2127 2604 2212 2669 20
2265 2604 2432 2670 ἀλλὰ
2486 2607 2543 2670 τί
2597 2606 2910 2684 εἰρήκαςιν
2954 2606 3285 2687 Ἕλληνες,

692 2704 817 2794 ΕΡ.
864 2706 1057 2772 Hom.
1111 2707 1263 2789 169,
1310 2707 1395 2770 30
1449 2708 1569 2772 ἐνί·
1613 2743 1699 2754 -
1741 2715 1880 2773 πῶς
1936 2709 2005 2772 δὲ
2063 2707 2125 2772 οἱ
2183 2708 2301 2771 δύο
2357 2709 2776 2789 πλεοναςμοί;
2834 2708 3105 2787 λέγομεν
3162 2707 3284 2789 ὅτι,

691 2807 771 2872 Ε.
818 2808 907 2873 Μ.
953 2809 1105 2891 749,
1164 2810 1247 2874 23
1301 2811 1502 2887 ταίγε;
1560 2811 1666 2875 καὶ
1719 2812 1971 2886 λέγουςί
2024 2831 2223 2893 τινες,
2278 2816 2416 2875 πῶς
2473 2811 2667 2895 ἐςτιν,
2734 2810 2813 2873 Ε.
2860 2810 2948 2873 Μ.
2994 2810 3152 2888 520,
3198 2810 3283 2872 38

691 2913 979 2977 κέκλυτε·
1023 2912 1177 2977 ἀλλ’
1220 2913 1369 2978 ἰ’ςως
1424 2934 1516 2978 τις
1563 2913 1724 2995 ἐρεῖ,
1781 2912 1880 2977 ὅτι
1924 2915 2095 2996 κτλ.,
2151 2912 2253 2975 cui
2309 2912 2744 2997 respondetur
2798 2911 3019 2975 verbis
3076 2912 3283 2976 ἰςτέον

690 3017 818 3077 κτλ.
832 3063 850 3097 ,
896 3013 1134 3100 quibus
1182 3035 1328 3077 cum
1372 3013 1531 3079 locis
1576 3013 1661 3079 cf.
1707 3013 1884 3078 Mon.
1917 3014 1977 3095 7,
2009 3013 2052 3077 4
2097 3015 2150 3079 εἰ
2186 3015 2261 3078 δέ
2285 3035 2378 3077 τις
2425 3015 2592 3090 λέγει
2636 3050 2721 3061 —
2763 3013 2945 3097 ἴςτω,
2994 3014 3050 3094 7,
3098 3013 3181 3077 35
3226 3014 3284 3078 εἰ
3378 3006 3387 3015 ’

691 3116 762 3178 δέ
806 3137 899 3180 τις
946 3117 1123 3193 λέγοι
1152 3153 1238 3163 —-
1265 3116 1449 3200 ἰ’ςτω,
1496 3115 1558 3197 8,
1590 3115 1676 3178 20
1719 3116 1773 3180 εἰ
1818 3117 1890 3180 δέ
1933 3138 2025 3182 τις
2071 3118 2271 3199 λέγει,
2319 3115 2545 3181 εἴςεται
2587 3152 2673 3163 -
2718 3136 3083 3179 sermonem
3114 3114 3283 3179 vivi-

689 3215 846 3280 dum
889 3215 1197 3282 reddunt.

859 3316 1014 3382 Alia
1055 3319 1258 3400 ratic,
1306 3341 1436 3405 qua
1479 3319 1827 3386 austeritas
1859 3319 2316 3403 grammatices
2347 3319 2689 3405 mitigatur
2717 3329 2783 3384 et
2812 3341 3027 3384 sermo
3073 3318 3282 3384 variis

688 3418 1015 3484 coloribus
1074 3419 1523 3506 distinguitur,
1569 3421 1636 3484 in
1682 3443 1756 3486 eo
1802 3423 1929 3486 sita
1972 3430 2101 3503 est,
2150 3422 2327 3508 quod
2359 3420 2780 3486 Herodianus
2826 3418 2912 3484 ad
2954 3442 3281 3504 gramma·

686 3522 851 3586 ticas
898 3543 1000 3585 res
1044 3520 1466 3587 illustrandas
1512 3524 1719 3588 utitur
1762 3523 2362 3609 comparationibus
2421 3546 2505 3587 ex
2566 3525 2706 3589 vita
2757 3523 3045 3588 humana
3100 3545 3279 3587 sum—

689 3623 851 3709 ptis:
912 3623 1089 3689 Mon.
1135 3623 1209 3706 4,
1255 3625 1341 3689 30
1382 3626 1593 3706 ὥςπερ
1639 3627 1710 3692 ἑν
1759 3627 1994 3709 δικτύῳ
2040 3627 2389 3705 ςυνέχουςα
2432 3627 2508 3690 τὸ
2553 3627 2932 3706 πολυςχιδὲς
2988 3629 3100 3703 τῆς
3142 3632 3280 3691 τῶν

688 3728 1052 3806 ἀνθρώπων
1095 3727 1378 3807 γλώςςης
1420 3730 1673 3807 φθέγμα
1715 3736 1791 3813 τῇ
1837 3729 2058 3812 τέχνῃ,
2106 3728 2177 3790 in
2220 3726 2302 3790 fr.
2350 3730 2496 3808 περὶ
2540 3730 2890 3799 ςυντάξεως
2933 3735 3065 3793 τῶν
3111 3750 3279 3794 ςτοι-

688 3829 880 3909 χείων
933 3827 1004 3891 in
1055 3827 1273 3892 Bekk.
1320 3830 1447 3895 An.
1497 3829 1649 3910 799,
1709 3830 1748 3892 2
1807 3831 1899 3896 ὡς
1955 3830 2056 3893 ἐπὶ
2110 3831 2618 3911 παραδείγματος
2674 3830 3110 3914 ἀνθρωπείου,
3164 3830 3281 3895 ἵνα

688 3935 934 4009 μᾶλλον
966 3932 1067 3995 καὶ
1098 3937 1316 4012 ςαφῶς
1346 3932 1505 3997 αὐτὸ
1537 3934 1899 4015 νοήςωμεν,
1933 3930 1990 3996 εἴ
2018 3952 2111 3995 τις
2141 3931 2432 4013 ἀδελφὸν
2468 3933 2699 3997 ἑαυτοῦ
2730 3932 3023 3998 θεάςαιτο
3056 3932 3279 4011 χρείαν

686 4035 922 4113 ἔχοντα
977 4035 1303 4118 βοηθείας,
1350 4034 1469 4118 ὅλῃ
1514 4040 1590 4117 τῇ
1637 4039 1812 4118 ψυχῇ
1860 4034 2258 4112 ὑπεραςπίζει
2316 4034 2517 4099 αὐτοῦ
2574 4035 2677 4099 καὶ
2731 4035 3110 4114 ςυμπράττει
3166 4036 3274 4099 καὶ

685 4138 1037 4217 ὑπερμαχεῖ
1078 4139 1206 4201 κτλ.
1252 4134 1545 4199 vocalem
1596 4144 1942 4219 cognatam
1992 4132 2244 4201 confert
2287 4135 2477 4200 fratri
2522 4146 2587 4201 et
2631 4134 2925 4201 vocalem
2972 4135 3277 4199 diversae

683 4247 960 4302 naturae
1015 4236 1276 4325 hospiti.
1377 4235 1553 4299 Hinc
1609 4234 1925 4301 concludo
1980 4236 2510 4302 Choeroboscum
2567 4259 2628 4322 p.
2682 4236 2835 4317 166,
2878 4237 2923 4300 4
2978 4234 3274 4302 vocalem

684 4339 1042 4426 simplicem
1088 4342 1126 4418 ἦ
1172 4349 1236 4404 et
1295 4337 1772 4424 diphthongum
1828 4343 1881 4403 εἰ
1942 4360 2086 4403 cum
2142 4338 2461 4429 militibus
2519 4347 3007 4424 comparantem
3063 4337 3275 4403 Hero·

680 4441 950 4506 dianum
1006 4441 1462 4527 exscripsisse:
1535 4442 1632 4505 ὅτι
1690 4443 1765 4506 τὸ
1821 4446 1861 4518 ἦ
1917 4446 2134 4520 μεῖζον
2194 4442 2320 4507 ἑςτὶ
2373 4445 2485 4520 τῆς
2542 4444 2596 4504 {i
2652 4442 3012 4522 διφθόγγου
3068 4444 3274 4518 δῆλον

679 4546 1004 4611 ἐντεῦθεν·
1049 4545 1260 4623 ὥςπερ
1308 4543 1345 4607 ὁ
1391 4541 1482 4607 εἶς
1528 4544 1908 4622 ςτρατιώτης
1952 4544 1989 4608 ὁ
2037 4546 2392 4622 δυνάμενος
2437 4543 2633 4622 ἔργον
2690 4544 2811 4608 δύο
2869 4549 3272 4623 ςτρατιωτῶν

676 4652 931 4726 ποιῆςαι
978 4647 1386 4726 ἰςχυρότερος
1431 4644 1696 4710 ἐκείνων
1742 4646 1898 4728 ἐςτί,
1943 4649 2058 4712 τὸν
2104 4646 2301 4711 αὐτὸν
2344 4646 2592 4725 τρόπον
2637 4647 2739 4710 καὶ
2781 4647 2857 4710 τὸ
2887 4647 2959 4709 ἓν
3003 4649 3271 4727 φωνῆεν

676 4755 910 4815 ποιοῦν
957 4751 1033 4815 τὸ
1078 4749 1276 4828 ἔργον
1323 4748 1361 4812 ὃ
1408 4747 1715 4811 δύνανται
1771 4748 1891 4812 δύο
1936 4750 2282 4828 φωνήεντα
2333 4751 2591 4826 ποιῆςαι
2649 4746 3058 4828 ἰςχυρότερον
3113 4748 3269 4812 ἑκεί-

676 4872 810 4918 νων
856 4853 997 4918 ἐςτί.
