3664 5546
1195 306 1354 361 ΠΕΡΙ
1396 308 1788 363 ΚΑΘΟΛΙΚΗ(
1824 307 2247 363 ΠΡΟΕΩιΔΙΑ(
2295 308 2374 362 ΙΑ.
2596 322 2600 329 ·
2954 306 3083 372 295

492 480 567 543 τὸ
599 479 871 558 ςύςτημα
899 480 1003 543 καὶ
1033 477 1341 557 ἄθροιςμα
1372 478 1464 542 ὡς
1484 477 1792 557 Αἰςχύλος
1826 478 1977 555 «ἠδ’
2007 477 2517 556 ἀκρωνία-κακοῦ
2546 512 2632 522 -
2664 478 2935 556 λευςμόν
2966 498 3076 542 τε»

492 577 710 660 (Eum.
761 578 927 661 187).
1006 578 1374 644 Χιτωνία·
1431 577 1638 643 οὕτως
1692 579 1732 656 ἡ
1787 580 2078 657 Ἄρτεμις
2136 577 2427 660 ἐλέγετο,
2487 579 2578 642 ώς
2621 578 2982 657 Παρμένων
3039 578 3077 642 ὁ

493 680 836 747 Βυζάντιος
889 682 991 745 καὶ
1033 680 1411 759 Ἐπίχαρμος
1468 679 1539 744 ἐν
1597 679 1823 759 Εφιγγί
1880 680 2026 743 «καὶ
2079 681 2154 743 τὸ
2220 683 2330 744 τᾶς
2377 679 2685 743 Χιτωνίας
2741 678 3077 756 αύληςάτω

490 783 582 847 τίς
637 802 742 861 μοι
800 782 1051 862 μέλος».
1140 780 1448 846 Ἀζανία
1504 781 1697 859 μέρος
1754 782 1868 857 τῆς
1914 779 2257 858 Ἀρκαδίας.
2359 770 2608 855 λέγεται
2663 780 2765 843 καὶ
2809 779 3074 858 Ἀζηνία.

492 884 765 950 Εὔδοξος
810 882 880 947 ἐν
925 882 1073 966 ἕκτῃ
1115 886 1231 961 γῆς
1275 882 1584 959 περιόδου
1630 882 1849 961 φηςίν·
1896 881 2064 946 «ἔςτι
2107 881 2305 959 κρήνη
2335 883 2450 957 τῆς
2479 880 2792 961 Ἀζηνίας,
2838 881 2877 958 ῆ
2918 881 3072 945 τοὺς
3104 891 3136 940 5

489 984 914 1064 γευςαμένους
967 987 1084 1048 τοῦ
1141 983 1377 1048 ὕδατος
1441 985 1615 1047 ποιεῖ
1669 983 1825 1063 μηδὲ
1880 983 1998 1060 τὴν
2054 980 2252 1060 ὀςμήν
2308 986 2425 1046 τοῦ
2481 980 2669 1045 οἴνου
2725 980 3077 1063 ἀνέχεςθαι,

490 1086 577 1150 εἰς
621 1087 700 1163 ἣν
747 1086 1001 1160 λέγουςι
1046 1084 1481 1166 Μελάμποδα,
1527 1084 1636 1148 ὅτε
1691 1084 1806 1148 τάς
1850 1084 2194 1161 Προιτίδας
2239 1082 2599 1165 ἐκάθαιρεν,
2656 1083 2953 1162 ἐμβαλεῖν
2996 1085 3076 1147 τὰ

489 1186 915 1265 καθάρματα».
1012 1185 1140 1250 ἔςτι
1196 1186 1268 1249 δὲ
1332 1185 1434 1249 καὶ
1491 1183 1851 1249 Μαςςαλίας
1907 1183 2069 1263 ἄλλη
2084 1233 2102 1265 ,
2171 1184 2260 1248 ὡς
2316 1184 2550 1248 Φίλων.
2650 1184 2718 1249 Ἀ
2736 1184 3076 1262 θαμανία

489 1289 669 1367 χώρα
712 1286 1045 1367 Ἰλλυρίας,
1091 1284 1153 1350 οἱ
1199 1288 1270 1350 δὲ
1316 1286 1674 1350 Θεςςαλίας.
1761 1284 2096 1363 Αἱμονία
2149 1285 2187 1363 ἡ
2236 1284 2546 1349 Θετταλία
2603 1284 2734 1349 ἀπὸ
2778 1284 3074 1363 Αἵμονος.

490 1388 604 1454 εἰςὶ
667 1390 739 1453 δὲ
804 1388 907 1452 καὶ
961 1385 1324 1466 Αἱμονιαί
1391 1386 1578 1451 πόλις
1634 1387 1961 1464 Ἀρκαδίας
2025 1386 2156 1451 ἀπὸ
2224 1386 2503 1471 Αἵμονρς
2567 1389 2683 1450 τοῦ
2739 1386 3073 1451 Λυκάονος
3113 1396 3179 1446 10

488 1489 749 1570 παιδός,
796 1489 886 1553 ώς
929 1488 1291 1552 Παυςανίας
1346 1487 1565 1571 ὀγδόῳ
1620 1488 2061 1566 παριηγήςεως
2104 1487 2408 1552 Ἑλλάδος
2452 1486 2596 1569 (44,
2646 1488 2726 1568 1).
2815 1487 3073 1565 Ἀκαρ-

489 1589 717 1655 νανία
761 1590 940 1669 χώρα
984 1589 1407 1668 κεχωριςμένη
1456 1591 1591 1653 τῶν
1641 1589 1983 1667 Κουρήτων
2038 1590 2202 1667 πρὸς
2257 1596 2348 1672 τῷ
2394 1589 2709 1671 Ἀχελῴῳ.
2806 1589 3074 1668 Ἀκμο-

489 1692 614 1755 νία
657 1691 843 1755 πόλις
887 1689 1165 1768 Φρυγίας
1222 1690 1314 1753 ὡς
1358 1688 1775 1768 Ἀλέξανδρος
1832 1689 1871 1753 ὁ
1926 1688 2286 1769 πολυίςτωρ
2343 1691 2413 1754 ἐν
2469 1691 2660 1773 τρίτῳ
2714 1691 2862 1768 περὶ
2905 1690 3071 1769 Φρυ-

445 1820 461 1831 ·
486 1792 642 1866 γίας.
702 1791 894 1855 κτίςαι
941 1791 1011 1854 δὲ
1056 1790 1255 1869 αὐτὴν
1279 1791 1571 1868 -Ἄκμονα
1600 1791 1719 1855 τὸν
1756 1790 2012 1855 Μάνεω.
2079 1792 2325 1866 λέγεται
2372 1793 2475 1855 καὶ
2505 1791 2847 1869 Ἀκμόνεια.
2911 1792 3070 1856 Ἀλ-

489 1893 715 1972 βανία
737 1893 918 1971 χώρα
949 1892 1112 1969 πρὸς
1134 1894 1274 1956 τοῖς
1292 1892 1993 1972 ἀνατολικοῖςἼβηρςιν.
2030 1893 2440 1973 Ἀμαζονία
2474 1893 2662 1957 πόλις
2689 1893 3066 1957 Μεςςαπίας.
3108 1902 3171 1953 15

389 2030 397 2040 ·
485 1993 863 2073 Ἀμμωνία
905 1993 945 2070 ἡ
990 1993 1315 2071 μεςόγειος
1359 1993 1572 2072 Λιβύη.
1661 1994 1764 2057 καὶ
1806 1994 1967 2072 αύτὴ
2014 1996 2087 2059 δὲ
2140 1998 2309 2069 πᾶςα
2352 1994 2394 2072 ἡ
2435 1993 2630 2072 Λιβύη
2677 1992 2885 2058 οὕτως
2929 1994 3069 2057 ἐκα-

485 2098 660 2160 λεῖτο
704 2094 836 2159 ἀπὸ
880 2095 1232 2174 Ἄμμωνος.
1291 2094 1757 2174 Ἀμυθαονία
1801 2082 1996 2174 μοῖρα
2037 2100 2149 2173 τῆς
2190 2096 2455 2160 Ἤλιδος
2500 2094 2631 2158 ἀπὸ
2676 2094 3069 2174 Ἀμυθάονος

482 2202 599 2261 τοῦ
648 2197 966 2277 Κρηθέως,
1013 2194 1103 2260 ὡς
1146 2196 1412 2261 Ῥιανός.
1473 2196 1981 2260 Ἀπολλωνία.
2027 2197 2087 2260 α’
2130 2197 2318 2261 πόλις
2349 2196 2680 2277 Ἰλλυρίας,
2725 2196 2805 2272 ἣν
2852 2196 3067 2278 ᾤκουν

483 2299 805 2380 Ἰλλυριοί,
852 2298 994 2361 κατ’
1037 2298 1437 2376 Ἐπίδαμνον.
1528 2297 1580 2376 β’
1624 2296 1696 2361 ἐν
1741 2297 1914 2379 νήςῳ
1959 2298 2123 2374 πρὸς
2176 2304 2252 2381 τῇ
2301 2297 2752 2379 Εαλμυδηςςῷ,
2808 2296 3069 2360 ἀποικία

485 2399 809 2476 Μιληςίων
863 2399 967 2461 καὶ
1007 2398 1291 2462 Ῥοδίων.
1378 2398 1435 2472 γ’
1483 2397 1902 2461 Μακεδονίας.
1991 2398 2046 2460 δ’
2101 2398 2286 2462 πόλις
2329 2398 2575 2478 Λιβύης.
2662 2397 2710 2462 ε’
2768 2396 2838 2460 ἐν
2894 2398 3066 2481 νήςῳ
3103 2408 3171 2457 20

426 2524 441 2541 ·
482 2503 593 2575 τῆς
640 2498 1082 2578 Ἀκαρνανίας,
1138 2496 1245 2575 μία
1301 2502 1432 2562 τῶν
1479 2497 1839 2575 Ἐχινάδων.
1929 2498 1984 2569 ς’
2042 2500 2112 2562 ἐν
2162 2499 2365 2581 Κρήτῃ
2423 2500 2586 2577 πρὸς
2641 2505 2718 2580 τῇ
2780 2498 3064 2582 Κνωςςῷ.

482 2600 531 2665 ζ’
577 2599 844 2676 πληςίον
889 2597 1272 2662 Ἀλοντίνων
1326 2600 1429 2662 καὶ
1477 2598 1681 2675 Καλῆς
1724 2598 1932 2675 ἀκτῆς.
1992 2599 2078 2678 ,η’
2136 2600 2393 2664 Μυςίας.
2482 2601 2536 2663 θ’
2594 2600 2778 2665 πόλις
2826 2600 3065 2665 Μυςίας

483 2699 614 2776 (ἐπὶἶ
639 2697 964 2782 Ῥυνδάκῳ
1022 2705 1306 2783 ποταμῷ.
1407 2698 1445 2762 ι’
1500 2697 1658 2763 κατὰ
1716 2699 2030 2778 Θυάτειρα
2085 2701 2187 2764 καὶ
2229 2700 2519 2781 Ἐφεςον.
2620 2701 2698 2764 ια’
2754 2701 3065 2786 Φωκίδος,

465 2802 560 2878 ’ἣν
619 2800 904 2878 Ὅμηρος
963 2800 1353 2878 Κυπάριςςόν
1409 2821 1559 2879 φηςι
1628 2801 1733 2865 διὰ
1784 2802 1863 2866 τὸ
1929 2802 2176 2866 πολλὰς
2239 2800 2409 2881 ἔχειν
2464 2804 2914 2886 κυπαρίςςους,
2974 2806 3064 2869 ὡς

481 2903 784 2979 Δίδυμος.
874 2900 951 2979 ιβ’
995 2902 1142 2979 περὶ
1185 2903 1301 2979 τὴν
1346 2901 1566 2979 κοίλην
1613 2901 1857 2980 Ευρίαν.
1948 2903 2027 2978 ιγ’
2057 2895 2217 2967 κατὰ
2262 2902 2501 2982 Ἰόπηντ
2577 2897 2654 2967 ιδ’
2697 2907 2808 2980 τῆς
2856 2905 3061 2969 Μεςο-
3099 2915 3164 2964 25

479 3002 807 3081 ποταμίας.
897 3002 968 3065 ιε’
1012 3002 1274 3084 Λιβύης,
1319 3003 1357 3079 ἣ
1407 3002 1655 3081 Κυρήνη
1713 3004 2019 3067 ἐκαλεῖτο.
2110 3004 2187 3075 ις’
2242 3004 2489 3069 Λυδίας.
2579 3004 2650 3070 ιζ’
2694 3006 2981 3069 Πιςιδίας
3023 3007 3061 3084 ἡ

477 3104 798 3182 πρότερον
845 3103 1254 3182 Μορδιάειον.
1344 3104 1422 3180 ιη’
1479 3103 1789 3185 Φρυγίας,
1845 3107 1884 3183 ἡ
1940 3106 2135 3169 πάλαι
2196 3096 2505 3182 Μάργιον.
2595 3106 2673 3169 ιθ’
2729 3107 2799 3170 ἐν
2845 3099 3061 3190 (ίφνῳ

433 3211 553 3287 ’τῇ
608 3205 797 3287 νήςῳ.
896 3204 949 3266 κ’
1006 3203 1229 3281 Ευρίας
1285 3207 1427 3269 κατ’
1471 3205 1831 3284 Ἀπάμειαν.
1931 3202 2026 3271 κα’
2080 3211 2271 3284 νῆςος
2325 3207 2490 3283 πρὸς
2546 3214 2621 3290 τῇ
2675 3207 2884 3290 Λυκίᾳ.
2973 3202 3064 3286 κβ’

476 3310 607 3368 τῶν
663 3305 769 3367 ἐπὶ
821 3304 1071 3385 Θρᾴκης
1127 3305 1390 3387 Ἰώνων,
1445 3307 1524 3383 ἣν
1580 3307 1995 3385 Δημοςθένης
2068 3307 2258 3386 φηςίν
2315 3304 2628 3392 (Philipp.
2685 3308 2726 3370 3
2781 3329 2840 3398 p.
2893 3308 3059 3388 117).

479 3406 572 3480 κγ’
633 3406 871 3483 Κρήτης
925 3405 963 3483 ἡ
1017 3406 1212 3469 πάλαι
1271 3406 1644 3485 Ἐλεύθερνα
1697 3407 1894 3472 Λίνου
1948 3410 2188 3487 πατρίς.
2289 3407 2380 3472 κδ’
2435 3411 2503 3473 ἐν
2558 3409 2871 3492 Αἰγύπτῳ.
2974 3406 3060 3472 κε’
3096 3417 3163 3469 30

478 3507 708 3585 μεταξὺ
755 3507 1137 3585 Βαβυλῶνος
1184 3508 1284 3571 καὶ
1328 3506 1600 3588 ζούςων.
1689 3509 2045 3587 Ἀρμενία
2089 3511 2268 3588 χώρα
2314 3510 2580 3587 πληςίον
2626 3515 2757 3574 τῶν
2787 3511 3057 3587 Περςῶν

477 3607 607 3671 ἀπὸ
666 3607 972 3685 Ἀρμένου
1037 3611 1155 3671 τοῦ
1209 3609 1493 3691 Ῥοδίου,
1563 3611 1652 3674 ὡς
1721 3610 2132 3688 Ἀντίπατρος
2198 3611 2268 3674 ἐν
2334 3611 2525 3694 τρίτῳ
2591 3612 2737 3688 περὶ
2807 3611 3055 3675 Ῥόδου.

477 3707 826 3772 Ἀςκανία
891 3708 1076 3772 πόλις
1143 3709 1409 3787 Τρωϊκή.
1511 3709 1823 3774 Νικόλαος
1890 3711 2156 3795 τετάρτῃ
2219 3712 2514 3789 (ιςτοριών
2584 3711 3055 3790 «Εκαμάνδριος

474 3809 778 3885 Ἕκτορος
833 3810 937 3872 καὶ
989 3809 1422 3888 Ἀνδρομάχης
1486 3811 1555 3874 ἐκ
1608 3815 1719 3889 τῆς
1773 3813 1939 3889 Ἴδης
1994 3814 2097 3877 καὶ
2162 3816 2278 3876 τοῦ
2332 3813 2733 3877 Δαςκυλείου
2788 3815 2890 3878 καὶ
2944 3817 3055 3890 τῆς

476 3908 795 3974 Ἀςκανίας
840 3911 1266 3992 καλουμένης,
1311 3913 1391 3988 ἣν
1437 3913 1675 4004 ἔκτιςεν
1733 3913 1770 3976 ὁ
1813 3913 2066 3978 Αἰνείου
2123 3917 2272 3978 παῖς
2318 3914 2681 3979 Ἀςκάνιος»
2729 3965 2742 3977 .
2790 3965 2803 3977 .
2851 3964 2863 3976 .
2912 3965 2923 3976 .
2972 3914 3057 3977 οὐ·
3090 3923 3159 3974 35

474 4011 678 4090 μόνον
723 4011 795 4074 δὲ
839 4011 878 4087 ἡ
925 4010 1139 4093 λίμνη,
1184 4011 1351 4076 ἀλλὰ
1394 4012 1492 4079 καὶ
1535 4014 1573 4089 ἡ
1619 4014 1798 4091 χώρα
1855 4016 2026 4092 διςςὴ
2083 4016 2186 4079 καὶ
2229 4015 2597 4097 ὁμώνυμος,
2640 4016 2680 4092 ἡ
2727 4016 2841 4092 μὲν
2886 4013 3053 4090 Φρυ-

473 4111 643 4194 γίας,
689 4112 726 4187 ἡ
773 4113 843 4175 δὲ
891 4112 1161 4194 Μυςίας,
1208 4099 1596 4192 ἀμφοτέρων
1641 4117 1712 4178 δὲ
1756 4117 2136 4194 μνημονεύει
2183 4115 2220 4178 ὁ
2265 4116 2563 4198 ποιητής,
2620 4120 2730 4192 τῆς
2776 4115 3051 4192 Φρυγίας

474 4215 586 4289 μὲν
635 4212 923 4290 «Φόρκυς
969 4213 1050 4277 αὖ
1095 4213 1352 4294 Φρύγας
1396 4213 1509 4292 ἦγε
1556 4217 1656 4279 καὶ
1701 4216 2022 4281 Ἀςκάνιος
2066 4219 2352 4295 θεοειδὴς
2396 4218 2543 4295 τῆλ’
2584 4218 2648 4284 ἐξ
2692 4216 3051 4294 Ἀςκανίης»

474 4534 788 4600 ποςότητος
841 4537 969 4596 304,
1011 4538 1065 4596 1,
1123 4535 1317 4587 Choer.
1359 4537 1480 4598 169,
1522 4538 1577 4594 1,
1632 4534 1883 4599 ἀκρωνία
1941 4553 2007 4586 ox
2063 4537 2248 4591 schol.
2302 4538 2375 4587 ad
2420 4537 2677 4603 Aeschyl.
2724 4539 2877 4588 Eum.
2930 4541 3051 4589 187:

472 4600 745 4666 ἀκρωνία;
786 4604 978 4654 κακῶν
1014 4601 1252 4667 ἄθροιςις
1287 4603 1322 4667 ἢ
1362 4601 1691 4666 λιθοβολίας.
1763 4603 2103 4667 Ἡρωδιανὸς
2150 4603 2210 4655 δὲ
2255 4603 2324 4655 τὸ
2362 4604 2609 4670 ςύςτημα
2644 4607 2735 4656 καὶ
2770 4605 3052 4670 ἄθροιςμα.

641 4671 677 4722 l.
713 4674 745 4720 2
783 4672 1003 4721 nomina
1037 4671 1164 4720 inde
1203 4688 1236 4721 a
1272 4669 1514 4722 Χιτωνία
1551 4687 1724 4736 usque
1761 4672 1831 4721 ad
1870 4669 2057 4723 Χωνία
2094 4678 2343 4738 prompta
2390 4678 2519 4725 sunt
2551 4675 2620 4725 'ex
2658 4674 2736 4726 St.
2772 4677 2832 4725 B.
2874 4672 3051 4726 Ἰωνία

473 4738 641 4788 habet
675 4739 842 4789 etiam
877 4738 1156 4804 Theogn.,
1191 4737 1432 4792 Παιονία
1470 4756 1536 4788 ex
1572 4739 1821 4805 Theogn.
1858 4742 2092 4805 petitum
2129 4746 2231 4793 est.
