3664 5546
653 429 776 494 164
1580 426 1662 484 ΕΚ
1701 425 1842 483 ΤΩΝ
1884 426 2290 484 ΗΡΩΔΙΑΝΟΥ

651 606 817 685 λος,
864 601 1299 678 «γογγύλος
1344 601 1470 667 ἐςτὶ
1514 600 1731 667 λίθος»
1781 602 2210 684 Καλλίμαχος,
2255 601 2627 683 ἀγκύλος,
2672 599 3096 682 καμπύλος.
3157 599 3236 664 τὸ

648 706 720 768 δὲ
764 703 1085 769 αἴςυλος
1130 703 1684 783 προπαροξύνεται
1743 705 1835 772 ὡς
1881 702 2186 772 ςύνθετον
2231 702 2363 768 ἀπὸ
2416 704 2534 765 τοῦ
2578 706 2622 766 ’ἀ
2674 704 2776 769 καὶ
2819 706 2938 767 τοῦ
2982 704 3152 767 ςυλῶ
3196 699 3236 764 ὁ

646 807 860 871 πολλὰ
905 811 1114 872 ςυλῶν
1161 805 1313 870 «ὅδ’
1357 806 1476 871 οὐκ
1520 807 1698 873 ὄθετ’
1742 807 1967 873 αἴςυλα
2012 806 2255 886 ῥέζων»
2303 807 2375 888 (Ε
2416 805 2590 887 403).

814 908 909 972 Τὰ
966 908 1053 974 εἰς
1099 896 1255 974 fise}
1296 909 1676 990 τριςύλλαβα
1719 910 1906 989 κύρια
1949 909 2110 974 ὄντα
2153 909 2390 989 ἔχοντα
2443 911 2560 989 τὴν
2604 909 2867 988 πρώτην
2917 908 3235 986 ςυλλαβὴν

584 1015 617 1064 5
647 1012 1090 1091 μηκυνομένην
1134 1012 1588 1094 παροξύνεται,
1632 1013 2068 1091 προςηγορικὰ
2114 1015 2186 1077 δὲ
2227 1011 2386 1078 ὄντα
2414 1010 2987 1092 προπαροξύνεται.
3031 1029 3234 1088 παρο-

645 1113 895 1179 ξύνεται
940 1115 1011 1177 δὲ
1054 1113 1498 1196 Δερκύλος,
1546 1113 1983 1198 Βακχύλος,
2043 1115 2468 1194 Χαρμύλος.
2559 1113 3117 1192 προπαροξύνεται
3162 1111 3236 1175 δὲ

644 1218 1066 1300 κόνδυλος,
1125 1213 1604 1296 ςφόνδυλος,
1660 1216 2083 1301 δάκτυλος,
2141 1205 2553 1293 γόγγυλος.
2650 1218 2725 1281 τὸ
2781 1215 2854 1280 δὲ
2905 1214 3238 1282 Ἀξυλος

644 1322 747 1384 καὶ
797 1319 1124 1385 Ὄξυλος
1185 1317 1369 1397 κύρια
1433 1316 1593 1383 ὄντα
1656 1321 1794 1383 τοῖς
1859 1323 2353 1399 προςηγορικοῑς
2421 1319 2581 1384 κατὰ
2645 1318 2761 1383 τὸν
2824 1316 3023 1382 τόνον
3082 1316 3232 1394 ἠκο-

645 1423 983 1501 λούθηςαν.
1250 1508 1415 1515 ———

544 1522 608 1573 10
813 1524 905 1589 Τὰ
952 1524 1057 1588 διὰ
1096 1525 1214 1586 τοῦ
1258 1526 1413 1587 υλος
1454 1522 1828 1607 τριβράχεα,
1885 1524 1940 1588 εἰ
1995 1524 2134 1603 ἔχοι
2180 1524 2251 1589 ἐν
2293 1530 2370 1609 τῇ
2413 1524 2590 1609 τρίτῃ
2634 1525 2911 1608 ςυλλαβῇ
2955 1524 3017 1604 ἶ,
3071 1539 3231 1598 προ-

641 1627 1097 1707 παροξύνεται,
1153 1625 1233 1688 τὰ
1276 1625 1347 1688 δὲ
1391 1626 1473 1704 μὴ
1519 1625 1727 1689 οὕτως
1771 1624 2010 1705 ἔχοντα
2053 1626 2511 1710 παροξύνεται,
2566 1626 2622 1691 εἰ
2665 1627 2747 1706 μὴ
2793 1623 2889 1702 εἴη
2934 1622 3232 1701 παρώνυ-

643 1750 765 1809 μον
822 1729 892 1793 ἑν
948 1727 1412 1809 ἰςοςυλλάβοις,
1458 1726 1823 1810 Τίτυλος,
1867 1728 2165 1794 Ἴτυλος
2211 1730 2286 1794 τό
2330 1729 2571 1807 κύριον.
2660 1726 2994 1791 (ίπυλος
3046 1723 3233 1789 πόλις

641 1831 945 1910 Φρυγίας·
1014 1827 1377 1893 Ἑλλάνικος
1442 1828 1513 1894 ἐν
1566 1828 1838 1907 Ἱερειῶν
1892 1832 2147 1915 πρώτῳ.
2246 1831 2322 1895 τὸ
2388 1831 2605 1910 μέντοι
2664 1827 3064 1908 Χρεμύλος
3129 1827 3233 1891 καὶ

646 1933 1042 2011 Κρατύλος
1106 1931 1577 2010 παροξύνονται
1651 1932 1772 1996 οὐκ
1835 1931 2072 2012 ἔχοντα
2113 1929 2148 1995 ἶ
2200 1933 2271 1998 ἐν
2326 1939 2404 2017 τῇ
2458 1933 2697 2016 πρώτῃ.
2794 1931 2871 1995 τὸ
2927 1932 3000 1995 δὲ
3053 1948 3231 1994 ςτα-

541 2033 604 2084 15
641 2032 889 2114 φυλός
941 2032 1334 2113 παρώνυμόν
1392 2032 1517 2097 ἑςτι
1573 2033 1748 2112 παρὰ
1801 2035 1880 2099 τὸ
1947 2036 2250 2116 ςταφυλή.
2348 2036 2425 2100 τὸ
2494 2035 2565 2099 δὲ
2622 2034 2951 2109 Ἀγυλος
3007 2031 3231 2110 κύριον

639 2136 1211 2214 προπαροξύνεται.
1799 2196 1803 2200 ,

810 2236 904 2301 Τὰ
958 2236 1047 2302 εἰς
1091 2222 1247 2301 W
1292 2237 1837 2318 ὑπερτριςύλλαβα
1880 2239 2336 2323 παροξύνεται,
2381 2239 2436 2304 εἰ
2480 2241 2561 2319 μὴ
2608 2238 2747 2318 ἔχοι
2776 2237 3041 2303 ἔννοιαν
3086 2256 3229 2301 ςυν-

639 2337 871 2404 θέςεως
926 2337 1072 2404 οἷον
1138 2339 1566 2422 ἑρωτύλος,
1621 2339 2034 2426 ἰαμβύλος,
2091 2342 2545 2425 Ὀνηςύλος,
2606 2341 3053 2405 Νικαςύλος.
3151 2339 3230 2402 τὸ

640 2442 856 2521 μέντοι
902 2440 1347 2520 εύρύπυλος
1392 2442 1697 2507 ςύνθετον
1745 2443 1839 2507 ὡς
1881 2446 1985 2508 καὶ
2027 2443 2605 2523 Ἑκατόμπυλος
2648 2442 2835 2506 πόλις
2877 2440 3182 2524 Παρθίας.

536 2544 605 2596 20
807 2544 901 2607 Τὰ
943 2544 1049 2608 διὰ
1086 2547 1204 2608 τοῦ
1249 2531 1421 2610 isso}
1473 2548 1795 2624 μονογενῆ
1864 2545 2025 2624 ὑπὲρ
2091 2546 2212 2610 δύο
2281 2545 2594 2624 ςυλλαβὰς
2647 2542 3228 2624 προπαροξύνεται,

639 2645 694 2710 εἰ
737 2647 820 2725 μὴ
866 2644 1004 2724 ἔχοι
1050 2645 1179 2723 πρὸ
1222 2649 1339 2710 τοῦ
1386 2649 1440 2710 ὦ
1485 2645 1606 2711 δύο
1652 2647 1966 2727 ςύμφωνα
2010 2646 2155 2711 κατ’
2199 2646 2588 2729 ἐπιπλοκήν,
2645 2646 2739 2711 ὧν
2793 2647 2869 2710 τὸ
2922 2642 3228 2722 δεύτερόν

640 2746 763 2812 ἐςτι
806 2747 843 2811 i
898 2744 1042 2813 οἶον
1092 2747 1440 2828 Κίμωλος
1497 2747 1671 2828 ἥρως
1724 2751 1828 2814 καὶ
1882 2749 2667 2833 νῆςος,”Ερίγμωλος,
2724 2744 3228 2834 φάςκωλοςό

638 2850 947 2931 θύλακος,
1018 2849 1453 2915 Μαύςωλος
1518 2850 1556 2914 ὁ
1627 2851 1757 2930 Κάρ
1825 2851 1957 2917 ἀπὸ
2026 2853 2406 2917 Μαυςώλου.
2504 2852 2922 2930 Δημοςθένης
2981 2848 3228 2932 δεκάτῳ

639 2953 1027 3017 Βιθυνιακῶν
1074 2952 1412 3017 «Δαίδαλα
1457 2953 1912 3037 Μαυςώλων»,
1965 2954 2303 3020 Ἀνωλος
2347 2953 2533 3018 πόλις
2578 2953 2811 3019 Λυδίας
2853 2951 2986 3017 ἀπὸ
3032 2949 3228 3015 Ἀνώ-

568 3056 601 3105 5
640 3058 758 3118 λου
801 3058 918 3119 τοῦ
964 3052 1169 3118 Ἀςίου
1214 3055 1445 3121 παιδὸς
1498 3057 1601 3119 καὶ
1654 3055 1693 3119 ὁ
1737 3056 2006 3135 πολίτης
2061 3055 2446 3140 ὁμωνύμως,
2502 3056 2768 3121 Ἴωλος
2821 3054 3014 3119 ἔθνος
3056 3053 3226 3131 Περ-

772 3276 807 3325 l.
847 3278 874 3325 1
912 3274 1191 3339 γογγύλος
1238 3276 1430 3326 addidi
1466 3293 1535 3326 ex
1571 3276 1661 3327 Cr.
1701 3277 1804 3343 Ep.
1840 3278 1868 3328 1
1914 3280 1977 3328 51
2029 3277 2310 3344 amplexus
2357 3277 2794 3329 emendationem
2819 3275 3108 3328 ‘Meinekii
3153 3274 3226 3325 ad

639 3344 959 3396 Callimach.
998 3361 1050 3410 p.
1090 3347 1186 3394 14⁷
1224 3350 1280 3395 et
1316 3344 1388 3394 ad
1424 3341 1647 3395 αἷςυλος
1681 3347 1854 3396 verba
1889 3346 2205 3396 Homerica.
2275 3348 2353 3397 Ut
2388 3346 2738 3396 Herodianus
2772 3345 2861 3395 hic
2893 3342 3116 3395 αἷςυλος
3150 3343 3223 3393 ab

637 3412 865 3476 ἄςυλος,
893 3412 971 3462 sic
994 3414 1052 3462 in
1076 3413 1142 3462 ΙΙ.
1169 3413 1256 3463 Pr.
1281 3410 1320 3465 C
1345 3416 1446 3463 410
1470 3411 1666 3477 αἴητος
1692 3430 1758 3464 ex
1782 3412 1950 3465 ἄετος
1975 3412 2513 3480 ἀητος-πλεοναςμῷ
2537 3415 2641 3464 τοῦ
2668 3428 2684 3463 ι
2710 3399 2932 3478 repetit.
2979 3412 3223 3465 Lobeck.

635 3482 871 3531 adnotat
906 3482 976 3531 ab
1013 3481 1246 3531 Arcadio
1282 3483 1484 3531 omissa
1529 3497 1653 3532 csse
1697 3482 1977 3533 adiectiva
2020 3483 2286 3533 tribrevia
2331 3498 2474 3548 quae
2520 3487 2763 3547 oxytona
2805 3496 2929 3531 esse
2974 3480 3229 3546 perhibet

636 3550 792 3599 velut
828 3547 1105 3612 παχυλός,
1145 3547 1433 3613 βραχυλός.
1593 3550 1631 3600 l.
1665 3551 1700 3599 4
1734 3566 1863 3616 pars
1899 3555 2114 3600 tantum
2151 3552 2382 3601 canonis
2417 3556 2641 3601 servata
2678 3555 2766 3599 est
2800 3550 2858 3599 in
2893 3550 2959 3598 Ε.
2994 3549 3068 3601 Μ.
3104 3550 3223 3609 245,

634 3636 728 3683 4οε
765 3630 1067 3683 δάκτυλος;
1107 3631 1251 3683 διατί
1286 3632 1803 3697 προπαροξύνεται;
1842 3634 1915 3685 τὰ
1949 3634 2039 3686 διὰ
2061 3637 2165 3686 τοῦ
2204 3636 2338 3686 υλος
2374 3632 2423 3686 εἰ
2459 3634 2570 3697 ἔχει
2606 3633 2717 3698 τὴν
2753 3632 2993 3699 πρώτην
3029 3633 3223 3684 ςυλλα-

639 3702 744 3765 βὴν
779 3701 869 3751 διὰ
903 3699 1171 3766 δευτέρου
1207 3700 1515 3764 ςυμφώνου
1553 3702 1948 3768 μηκυνομένην
1973 3702 2352 3767 προςηγορικά
2377 3702 2518 3754 ὄντα
2543 3701 3032 3766 προπαροξύνεται
3057 3700 3224 3753 ςπόν-

635 3770 829 3833 δυλος,
867 3767 1160 3831 γόγγυλος.
1195 3796 1263 3804 -
1298 3768 1534 3821 Ἀξυλος
1580 3777 1637 3820 et
1674 3769 1911 3823 Ὄξυλος
1947 3776 2170 3836 propter
2214 3772 2240 3822 ξ
2275 3771 2629 3822 HerodIanus
2668 3772 2939 3821 exemisse
2973 3769 3222 3827 videtum

632 3838 809 3902 Epim.
838 3836 925 3887 Cr.
952 3839 987 3888 l.
1011 3854 1057 3887 c.
1095 3836 1249 3902 παρὰ
1282 3836 1353 3888 τὸ
1389 3837 1585 3902 δρᾶναι
1619 3838 1899 3903 δραμύλος
1933 3842 2054 3890 τοῖς
2090 3838 2205 3889 ἀπὸ
2242 3838 2387 3890 θέςει
2424 3840 2635 3902 μακρᾶς
2660 3836 2989 3902 ἀρχομένοις
3015 3833 3222 3901 κυρίοις

636 3901 913 3956 ἐναντίον.
961 3904 1117 3955 οὕτω
1153 3904 1224 3955 τὸ
1250 3903 1488 3957 Ὄξυλος
1525 3906 1614 3957 καὶ
1652 3905 1914 3969 Ἀξυλος,
1951 3908 2048 3957 ubi
2071 3907 2313 3958 Lobeck.
2353 3924 2449 3974 pro
2486 3906 2681 3971 δρᾶναι
2717 3905 2997 3970 δραμύλος
3032 3906 3223 3969 δρᾶξαι

634 3972 963 4038 Δράκτυλος
1009 3973 1099 4024 vel
1143 3971 1438 4026 Δάκτυλος
1493 3975 1840 4025 scribendum
1885 3975 2123 4038 iudicat,
2181 3980 2238 4025 et
2281 3983 2501 4041 postea:
2558 3972 2652 4026 ἐπὶ
2696 3977 2801 4025 τοῦ
2849 3974 3085 4027 Ἀξυλος
3128 3972 3222 4024 καί

634 4056 871 4110 Ὄξυλος
908 4057 970 4108 ἐν
1007 4055 1347 4122 ἀμφοτέροις
1391 4056 1461 4108 τὸ
1498 4060 1524 4111 ξ
1572 4058 1640 4109 ὂν
1683 4057 1788 4110 οὐκ
1834 4056 2169 4110 ἀντιπίπτει.
2242 4061 2516 4111 Praeterii
2547 4057 2866 4122 Πάμφυλος
2902 4057 3055 4123 φυλὴ
3093 4057 3221 4108 Δω-

634 4124 804 4190 ριέων
839 4125 930 4177 καὶ
967 4124 999 4176 ὀ
1036 4123 1218 4188 φυλέτ
1260 4140 1288 4177 ς
1324 4131 1383 4176 et
1417 4123 1701 4191 Τρίφυλος
1737 4127 1916 4193 (παρὰ
1959 4126 2029 4178 τὸ
2065 4125 2368 4191 οἰκιςθῆναι
2413 4126 2529 4179 ἀπὸ
2572 4129 2749 4191 τριῶν
2794 4128 2997 4191 φυλῶν
3032 4125 3068 4189 ἢ
3105 4124 3221 4176 ἀπὸ

632 4195 809 4258 τριῶν
846 4194 1047 4245 πυλῶν
1083 4194 1117 4257 ἢ
1155 4192 1234 4245 ἀπ
1308 4193 1597 4260 Τριφύλης
1639 4197 1744 4260 τῆς
1785 4192 2021 4247 Κλυτίου
2061 4195 2297 4261 μητρός)
2343 4212 2430 4262 ap.
2470 4198 2550 4247 St.
2587 4196 2650 4246 B.
2695 4202 2922 4261 propter
2956 4196 2990 4245 ῦ
3028 4194 3223 4260 produ·

633 4270 804 4325 ctum,
844 4278 1069 4329 quorum
1107 4278 1283 4313 canon
1317 4264 1388 4312 ab
1423 4264 1665 4314 Arcadio
1702 4265 1935 4315 omissus
1969 4270 2070 4314 est.
2141 4265 2441 4315 Praeterea
2477 4263 2689 4314 exclusi
2723 4263 3012 4317 Δάςκυλος
3047 4262 3129 4316 st.
3157 4262 3221 4314 B.

630 4333 749 4394 469,
790 4335 817 4380 1
856 4338 915 4381 et
951 4328 1235 4394 Βάργυλος
1274 4332 1398 4393 158,
1436 4333 1526 4395 26,
1575 4348 1717 4397 quae
1765 4334 1813 4382 si
1851 4332 2345 4397 brachyparalecta
2383 4339 2596 4394 essent,
2642 4338 3018 4397 paroxytonos
3054 4330 3219 4381 scribi

634 4399 916 4449 deberent.
1020 4401 1055 4449 l.
1086 4402 1279 4451 10—-11
1319 4399 1486 4449 verba
1520 4399 2034 4464 προπαροξύνεται,
2073 4399 2145 4451 τὰ
2179 4399 2240 4451 δὲ
2278 4401 2352 4465 μὴ
2390 4399 2578 4451 οὕτως
2604 4398 2810 4463 ἔχοντα
2847 4398 3220 4463 παροξύνεται

632 4483 753 4517 cum
790 4466 1089 4517 Schmidtio
1123 4468 1334 4517 inserui
1371 4471 1430 4516 et
1465 4467 1501 4521 1.
1539 4471 1602 4517 12
1639 4474 1764 4532 post
1799 4465 2175 4530 ἰεοςυλλάβοις
2210 4470 2368 4519 omisi
2404 4468 2907 4533 προπαροξύνεται.
2979 4465 3219 4520 (ίπυλος

633 4550 701 4584 ex
726 4536 805 4585 St.
831 4536 893 4586 Β.
920 4535 1137 4598 addidi,
1161 4535 1320 4585 omisi
1346 4533 1590 4598 Κορυλος
1618 4536 1697 4586 St.
1721 4537 1785 4586 B.
1808 4540 1927 4598 37⁷,
1951 4539 1984 4586 4
2021 4536 2139 4599 (ubi
2173 4542 2356 4601 genet.
2384 4535 2656 4601 Κορύλον)
2694 4536 2971 4599 βαςιλεύς,
3007 4534 3087 4598 ἀφ
3102 4534 3130 4601 ³,
3150 4532 3219 4585 ού

635 4602 935 4668 Κορύλειον
959 4608 1253 4669 propterea
1278 4603 1424 4666 quod
1448 4619 1538 4669 ap.
1558 4603 1824 4654 Priscian.
1842 4606 1869 4654 Ι
1894 4606 1942 4668 8,
1963 4606 2029 4655 45
2057 4602 2300 4668 Κόρυλος
2327 4609 2800 4673 proparoxytonos
2823 4607 3088 4669 scriptum
3112 4610 3219 4661 est.

633 4670 896 4723 Μότυλος
924 4688 974 4737 p.
989 4674 1106 4726 554.
1124 4672 1156 4721 5
1181 4677 1476 4735 propterea
1500 4671 1644 4736 quod
1670 4674 1953 4736 quantitas
1974 4673 2191 4723 vocalis
2214 4676 2248 4722 ῦ
2274 4675 2488 4723 incerta
2513 4682 2617 4734 est,
2642 4674 2710 4724 ob
2737 4673 2970 4723 eandem
2995 4687 3220 4722 causam

630 4737 905 4792 Πάπυλος
940 4755 1026 4804 ap.
1061 4738 1311 4802 Theogn.
1349 4739 1431 4801 61,
1472 4741 1554 4789 19.
1601 4737 1877 4801 Ἀγκυλος
1913 4739 1985 4789 ad
2021 4756 2286 4792 canonem
2321 4757 2432 4792 non
2468 4740 2731 4806 quadrat,
2768 4757 2936 4805 quare
2973 4740 3216 4792 Lobeck.

632 4813 729 4857 aut
765 4806 1007 4868 Ἀγυλος
1043 4812 1143 4855 aut
1176 4804 1416 4857 Ἀκυλος
1452 4807 1727 4871 proponit,
1764 4808 1863 4858 sed
1899 4808 2235 4862 dubitanter.
2392 4810 2428 4859 l.
2471 4812 2533 4860 18
2571 4807 2875 4874 Ὀνηςύλος
2913 4807 3220 4859 Νικαςύλος

634 4890 703 4923 ex
736 4874 983 4938 Theogn.
1022 4872 1239 4936 addidi,
1279 4871 1696 4937 Ἑκατόμπυλο(
1733 4892 1800 4926 ex
1838 4875 1923 4927 St.
1959 4877 2023 4929 B.
2181 4877 2220 4929 l.
2258 4879 2325 4927 22
2365 4874 2619 4940 Κίμωλος
2656 4878 2874 4942 explevi
2912 4893 2977 4927 ex
3015 4878 3096 4927 St.
3134 4876 3218 4933 B..

635 4938 973 5005 Ἐρίγμωλος
1012 4942 1206 5006 scripsi
1243 4956 1366 4991 eum
1401 4942 1536 4993 Lob.
1575 4942 1742 4997 Proll.
1773 4947 1868 4993 132
1906 4960 2005 5009 pro
2041 4943 2414 5009 εὐρύςμωλος.
2486 4944 2802 4997 Μαύςωλος
2839 4973 2896 4980 —-
2939 4943 3218 5007 Τύμωλος
