3664 5546
647 380 730 443 70
1589 375 1671 429 εκ
1711 375 1852 428 τΩΝ
1897 373 2311 427 ΗΡοΔιΑΝοΥ

642 551 934 632 Ζεφύριοι
982 549 1453 629 Ἐπικνημίδιοι,
1500 548 1563 611 οἱ
1603 548 1705 611 καὶ
1737 546 2106 610 Ὀπούντιοι
2137 545 2230 609 ὼν
2261 545 2341 623 ἦν
2370 544 2553 627 Αἴας,
2599 545 2700 608 καὶ
2732 543 3000 609 Ὀζόλαι.
3062 562 3255 629 γφαι-

645 654 918 733 νόλης,
982 652 1416 729 γενειόλης.
1528 651 1603 714 τὸ
1682 651 1754 713 δὲ
1824 648 2151 729 ἀμελής,
2217 647 2552 729 ἀφελής,
2619 648 2720 710 καὶ
2791 644 3078 723 ἀελλής
3155 644 3259 707 καὶ

651 755 951 833 άολλής
994 754 1251 818 ἐπίθετα
1298 753 1399 816 καὶ
1443 752 1530 817 εἰς
1575 756 1690 815 (Τῡς
1735 752 1951 830 ἔχουςι
1997 753 2113 830 τὴν
2157 751 2431 828 γενικήν.

815 858 944 922 Ἔτι
991 857 1378 938 βαρύνονται
1422 856 1500 919 τὰ
1540 855 1715 933 παρὰ
1759 855 1836 917 τὸ
1871 853 2037 934 ὄλω,
2082 853 2493 932 πανώλης,
2525 853 2850 931 ἐξώλης,
2880 851 3256 930 προώλης

585 971 618 1019 5
650 961 875 1025 καὶτὰ
917 960 1094 1039 παρὰ
1137 960 1212 1023 τὸ
1258 961 1460 1047 πωλῶ
1504 956 2062 1033 παντοπώλης.

821 1085 857 1120 x·
902 1062 997 1126 Τὰ
1060 1061 1147 1125 εἰς
1215 1080 1332 1140 μης
1400 1058 1820 1140 βαρύνονται,
1900 1057 2285 1137 Γιλγάμης
2347 1057 2540 1122 ἔθνος
2584 1057 2840 1138 Λιβύης·
2903 1056 3257 1133 Ἡρόδοτος

648 1164 886 1248 ἑβδόμῃ
930 1165 1015 1245 (c.
1062 1162 1188 1244 66).
1280 1163 1526 1242 Ἰάμης
1571 1161 1762 1225 ἔθνος
1807 1158 2127 1223 (κυθικόν.
2193 1158 2518 1224 Ἑκαταῖος
2565 1159 2747 1244 Ἀςίᾳ.
2815 1160 3110 1236 λέγονται
3155 1159 3261 1221 καὶ

650 1267 883 1347 Ἴαμοι,
932 1267 1022 1330 ὡς
1053 1264 1469 1349 Ἀλέξανδρος
1517 1263 1587 1328 ἐν
1632 1269 1723 1345 τῷ
1769 1263 1916 1339 περὶ
1946 1260 2243 1325 Εὐξείνου
2286 1262 2533 1326 πόντου
2579 1266 2943 1341 μυθολογεῑ.
2995 1261 3255 1339 Ἀδρύ-

654 1389 792 1449 μης
844 1362 1074 1446 Λιβύης
1127 1366 1352 1431 πόλις·
1409 1366 1657 1442 λέγεται
1715 1365 1819 1428 καὶ
1874 1364 2219 1441 ἀρςενικῶς
2276 1364 2378 1427 καὶ
2431 1368 2720 1442 θηλυκῶς
2774 1366 2812 1443 ἡ
2872 1364 3257 1444 Ἀδρυμητός

555 1479 620 1529 10
657 1471 760 1535 καὶ
803 1470 1163 1549 οὐδετέρως
1207 1469 1282 1533 τὸ
1331 1466 1736 1547 Ἀδρυμητόν.
1827 1466 2119 1543 κέκληται
2177 1467 2250 1529 δὲ
2306 1465 2436 1530 ἀπό
2492 1487 2668 1530 τινος
2714 1467 3101 1546 Ἀδρύμητος
3145 1469 3257 1542 τῆς

651 1574 902 1649 γενικῆς
947 1571 1368 1650 παραχθείςης
1413 1570 1502 1635 εἰς
1546 1570 1819 1634 εὐθεῖαν.
1909 1566 2175 1643 ἄμεινον
2222 1570 2292 1632 δ“ε
2338 1569 2412 1632 τὸ
2460 1568 2801 1647 Ἀδρύμης·
2846 1568 2910 1632 αἱ
2955 1569 3078 1647 γάρ
3124 1569 3256 1633 ἀπὸ

654 1678 907 1751 γενικῆς
953 1674 1193 1738 εὐθεῖαι
1238 1671 1383 1749 δίχα
1427 1674 1758 1749 ποιητικῆς
1805 1670 2107 1750 φράςεως
2154 1671 2599 1734 ςπανιώταται.

825 1774 954 1839 Ἔτι
1007 1776 1089 1839 τὰ
1142 1774 1231 1838 εἰς
1286 1775 1446 1851 ιῖῆς
1511 1772 1724 1853 κύρια,
1780 1771 2204 1853 Τιγράνης,
2261 1771 2697 1853 Ἰορδάνης,
2756 1772 3258 1859 Ἐξοςτάνης,

658 1872 994 1958 Ἀ’ίάνης,
1041 1875 1480 1957 Βαρδάνης,
1527 1874 2127 1954 Ἀριςτοφάνη-ς,
2185 1874 2627 1953 Θεοφάνης.
2717 1876 2792 1939 τὸ
2848 1877 2919 1940 δὲ
2965 1876 3259 1940 ἐπίθετον

561 1988 622 2038 15
658 1966 1065 2058 θεοφανής
1110 1976 1418 2043 ὀξύνεται.
1507 1977 1612 2041 καὶ
1665 1978 1745 2040 τὰ
1799 1977 1889 2040 εἰς
1944 1979 2146 2054 ἀνιῖης
2192 1976 2297 2040 διὰ
2342 1976 2461 2039 δύο
2518 1981 2599 2042 W
2646 1977 3088 2056 Ὀρθάννης.
3158 1979 3261 2041 καὶ

660 2082 739 2144 τὰ
785 2082 874 2145 εἰς
922 2082 1035 2157 ἦῖς
1081 2079 1583 2159 παραληγόμενα
1637 2085 1730 2163 τῷ
1784 2084 1839 2157 ρ.
1912 2079 2360 2158 Βαςτάρνης
2416 2078 2606 2144 ἔθνος
2652 2081 2812 2159 ὑπὲρ
2858 2082 2973 2145 τὸν
3018 2082 3261 2160 Ἴςτρον

659 2184 896 2248 οἰκοῦν.
973 2184 1075 2247 καὶ
1118 2183 1200 2246 τὰ
1243 2182 1332 2246 εἰς
1376 2201 1451 2258 ης
1494 2181 1774 2259 Περςικὰ
1830 2181 2076 2263 πάντα,
2121 2182 2691 2263 Ἀρταφέρνης,
2738 2182 3257 2262 Ἰνταφέρνης.

832 2309 867 2344 κ
911 2285 1004 2349 Τά
1050 2285 1155 2350 διὰ
1197 2288 1315 2349 τοῦ
1360 2287 1512 2361 Πηῖ
1558 2282 1741 2362 κύρια
1788 2283 2194 2365 βαρύνονται,
2239 2282 2795 2365 Δημοςθένης,
2840 2284 3260 2366 Διογένης,

659 2388 1138 2469 Ἀντιγένης,
1184 2385 1766 2467 Ἀριςτομένης,
1823 2386 2330 2464 Βορυςθένης
2386 2386 2572 2450 πόλις
2628 2386 2731 2449 καὶ
2793 2386 3081 2466 ποταμὸς
3144 2392 3260 2452 τοῦ

554 2500 625 2550 20
657 2489 923 2554 Πόντου
980 2489 1154 2567 παρὰ
1211 2489 1326 2567 τῆν
1385 2488 1672 2553 Μαιῶτιν
1730 2486 1961 2566 λίμνην
2013 2488 2116 2550 καὶ
2167 2487 2406 2552 Τάναϊν
2470 2488 2584 2552 τὸν
2644 2489 2955 2567 ποταμόν.
3054 2488 3260 2553 οὕτως

660 2582 760 2655 καὶ
806 2592 844 2655 ὁ
889 2592 1357 2669 Ἑλλήςποντος
1403 2591 1530 2669 πρὸ
1574 2593 1687 2667 τῆς
1733 2589 1962 2669 Ἕλλης
2009 2590 2316 2653 ἐκαλέῑτο.
2381 2589 2509 2654 ἔςτι
2555 2592 2627 2654 δὲ
2671 2592 2773 2654 καὶ
2816 2590 3001 2654 πόλις
3047 2590 3258 2669 Ἑλλη-

660 2696 755 2758 νὶς
800 2694 965 2772 πρὸς
1010 2693 1281 2772 ἑςπὲραν
1328 2692 1731 2771 Βορυςθένου
1776 2696 1894 2756 τοῦ
1942 2697 2235 2771 ποταμοῦ
2250 2740 2268 2773 ,
2332 2692 2656 2770 Μιληςίων
2703 2692 3006 2773 ἄποικος,
3065 2693 3142 2771 ἢν
3199 2694 3261 2756 οὶ

660 2799 775 2875 μεν
820 2795 1005 2860 ἄλλοι
1054 2796 1486 2877 Βορυςθένην,
1542 2795 1728 2858 αὐτοὶ
1785 2795 1855 2857 δε
1904 2795 2174 2875 Ὀλβίαν.
2264 2797 2459 2859 κεῖται
2506 2797 2572 2858 δ’
2616 2796 2686 2859 ἐν
2733 2796 2938 2878 νήςψ,
2996 2795 3074 2872 ἣν
3120 2815 3258 2859 ποι-

662 2904 839 2963 οῦςιν
885 2898 923 2962 ὅ
968 2918 1038 2961 τε
1083 2898 1479 2975 Βορυςθένης
1525 2898 1627 2961 καὶ
1669 2895 1962 2961 Ὕπανις.
2035 2897 2075 2960 ά
2089 2897 2326 2975 μένης
2375 2897 2689 2977 ἀμένητος
2734 2898 2808 2961 τὸ
2853 2898 3111 2961 παιδίον
3156 2897 3259 2960 διὰ

558 3011 623 3061 25
659 3001 734 3065 τὸ
780 3001 861 3079 μῆ
904 3000 1077 3077 ἔχειν
1122 3000 1332 3079 μένος.
1397 3000 1477 3064 τὰ
1522 3000 1593 3063 δὲ
1637 2998 1893 3062 ἐπίθετα
1938 2997 2251 3080 ὀξύνεται,
2296 2999 2614 3080 ἀμενής,
2661 3000 3029 3082 εὐμενής,
3082 3005 3256 3064 δυς-

663 3101 1288 3182 μενής,άγενής

840 3229 877 3265 ÷÷
923 3202 1017 3267 Τὰ
1063 3204 1168 3267 διὰ
1210 3207 1327 3267 τοῦ
1377 3208 1543 3282 ῆνης
1590 3203 1965 3286 όξύνονται,
2009 3204 2363 3284 ςαφηνής
2410 3204 2447 3267 ὁ
2493 3204 2730 3286 ςαφής,
2787 3205 3177 3283 παιδηνής
3221 3205 3257 3267 ὸ

663 3305 983 3385 παιδικός,
1028 3306 1378 3384 γαληνής
1424 3308 1461 3370 ὁ
1521 3308 1801 3385 γαληνὸς
1848 3306 2126 3387 τρόπος,
2184 3307 2603 3388 δυςδηνής,
2646 3306 2985 3388 ἀπηνής,
3026 3327 3257 3385 προς-

665 3407 1287 3490 ηνής,δυςηνής

662 3733 783 3795 484,
812 3735 862 3794 9,
900 3730 1176 3798 φαινόλης
1213 3732 1506 3797 γενειόλης
1545 3732 1799 3783 Eustath.
1834 3734 1979 3796 1684,
2007 3736 2065 3784 31,
2110 3731 2240 3798 (τὸν
2278 3732 2586 3798 Οἰδιπόδην
2623 3732 2975 3798 ςχηματίζων
3001 3734 3258 3799 Ἡρωδια-

666 3801 764 3853 νὸς
804 3799 940 3851 ένθα
977 3799 1127 3862 λέγει
1165 3802 1293 3865 περὶ
1331 3803 1434 3852 τοῦ
1462 3799 1739 3864 φαινόλης
1777 3801 2057 3865 φαινόλου
2096 3800 2385 3867 γενειόλης
2424 3803 2714 3864 γενειόλου
2753 3801 3146 3867 παραδίδωςιν,
3185 3802 3258 3853 ὡς

664 3870 699 3933 ή
748 3868 941 3932 γενικὴ
987 3872 1090 3920 τοῦ
1140 3867 1439 3921 Οἰδίποδος
1486 3867 1773 3930 μεταθέςει
1817 3872 1921 3933 τῆς
1959 3885 2018 3921 ος
2072 3868 2149 3921 εἰς
2187 3875 2251 3934 η“ς
2299 3874 2447 3921 ποιεῖ
2491 3870 2561 3922 τὸ
2598 3869 2900 3936 Οἰδιπόδης
2940 3870 3258 3928 Οἰδιπόδου,

666 3939 811 4001 ὅπερ
848 3937 1045 3999 ὅμοιον
1080 3941 1165 4001 τῷ
1202 3935 1469 4001 τρίποδος
1505 3936 1776 4003 τριπόδης
1813 3938 1905 3989 καὶ
1943 3937 2264 3991 ἑπτάποδος
2292 3938 2621 4005 ἑπταπόδης
2650 3938 2791 4003 παρ’
2817 3938 3067 4005 Ἠςιόδῳ,
3106 3956 3260 4005 quem

667 4008 843 4059 locum
880 4006 1032 4056 infra
1070 4007 1239 4055 etiam
1277 4006 1574 4064 adhibebo)
1623 4012 1680 4056 et
1718 4023 1783 4056 ex
1819 4007 2125 4061 Herodian.
2161 4009 2269 4059 An.
2306 4010 2406 4058 Ox.
2446 4009 2522 4058 IV
2559 4010 2683 4068 336,
2727 4011 2817 4070 13,
2856 4009 2950 4058 ubi
2985 4008 3259 4072 φαινόλης

667 4073 1004 4139 ῥηματικὸν,
1052 4072 1343 4138 γενειόλης
1382 4070 1742 4136 παρώνυμον.
1824 4072 2035 4140 ἀμελής
2081 4073 2296 4141 ἀφελής
2342 4076 2529 4126 adieci
2573 4093 2641 4126 ex
2677 4076 2927 4140 Theogn.
2968 4084 3026 4126 et
3060 4074 3258 4140 ἀελλής

670 4161 736 4192 ex
772 4141 967 4194 Choer.
995 4143 1079 4204 53,
1105 4144 1189 4202 32,
1229 4142 1318 4190 oui
1353 4141 1539 4191 adieci
1573 4139 1810 4206 ἀολλής,
1853 4144 1996 4209 quod
2034 4145 2091 4193 in
2127 4143 2353 4195 Arcadii
2400 4143 2514 4195 Ιοοο
2552 4160 2649 4209 pro
2685 4142 2913 4208 ἀκλινής
2952 4146 3263 4196 coniecerat

664 4210 1060 4276 Goettlingius.
1205 4209 1240 4258 Ι.
1275 4212 1306 4259 4
1353 4211 1586 4274 priorem
1623 4216 1840 4276 partem
1866 4212 2093 4263 canonis
2130 4229 2200 4262 ex
2226 4213 2423 4264 Arcad.
2448 4215 2531 4271 27,
2558 4217 2589 4262 9
2626 4213 2731 4262 huc
2768 4213 2995 4274 retraxi,
3033 4214 3262 4263 alteram

667 4280 737 4329 de
775 4275 1164 4342 παντοπώλης
1200 4277 1390 4327 addidi
1429 4294 1495 4327 ex
1535 4277 1732 4329 Choer.
1774 4281 1884 4339 138,
1926 4283 2005 4331 17.
2172 4281 2207 4330 l.
2244 4284 2276 4330 6
2314 4297 2580 4332 canonem
2616 4280 2683 4330 de
2722 4281 3035 4332 nominibus
3068 4283 3124 4331 in
3162 4285 3261 4343 μὴ(

670 4349 787 4412 ipse
827 4347 958 4397 finxi
994 4349 1215 4411 propter
1257 4343 1525 4411 Γιλγάμης
1564 4348 1645 4397 St.
1675 4348 1736 4397 B.
1763 4350 1882 4410 208,
1920 4351 1952 4399 5
1988 4353 2046 4399 et
2084 4347 2263 4414 Ἰάμης
2300 4352 2416 4411 321,
2458 4353 2548 4408 19,
2590 4347 2863 4413 Ἀδρύμης
2901 4352 2995 4411 29,
3036 4352 3098 4399 12
3135 4349 3262 4400 Mei-

671 4415 821 4466 nekii
861 4415 1254 4464 adnotamento
1290 4415 1347 4463 in
1384 4415 1653 4466 auxilium
1689 4423 1907 4467 vocato.
2052 4417 2086 4467 1.
2130 4420 2191 4468 13
2230 4415 2507 4481 Τιγράνης
2545 4417 2735 4467 addidi
2773 4433 2839 4466 ex
2878 4418 2957 4468 St.
2982 4418 3046 4471 B.
3072 4421 3188 4480 623,
3214 4421 3261 4475 9,

673 4481 947 4548 Ἰορδάνης
975 4509 1039 4516 —-
1066 4478 1354 4546 Βαρδάνης
1379 4499 1446 4532 ex
1475 4483 1668 4534 Choer.
1694 4486 1778 4544 54,
1807 4487 1853 4534 1.
1947 4484 1982 4534 l.
2014 4487 2076 4536 15
2102 4492 2455 4551 praeceptum
2483 4485 2549 4537 de
2575 4499 2752 4547 αννης
2778 4502 2844 4535 ex
2872 4486 3071 4539 Choer.
3097 4489 3181 4548 53,
3200 4484 3262 4536 27

671 4552 873 4602 omisso
899 4550 1116 4600 nomine
1157 4547 1415 4615 Ἰοάννης.
1456 4550 1523 4600 de
1559 4557 1695 4616 ρνης
1732 4553 1989 4619 supplevi
2026 4557 2251 4620 propter
2277 4555 2357 4605 St.
2386 4554 2447 4603 B.
2478 4557 2592 4615 160,
2619 4556 2648 4605 7
2687 4551 3022 4618 Βαςτάρνης.
3128 4554 3164 4605 1.
3205 4554 3264 4602 18

675 4634 943 4670 canonem
983 4619 1050 4667 de
1086 4621 1221 4681 ε-νῆί
1267 4619 1386 4684 ipse
1424 4618 1554 4669 finxi
1592 4619 1846 4671 consulto
1882 4622 2082 4672 Arcad.
2121 4624 2214 4680 27,
2259 4624 2345 4682 18,
2385 4622 2633 4686 Theogn.
2669 4625 2735 4672 44
2772 4626 2829 4672 et
2866 4622 3064 4675 Choer.
3090 4625 3175 4684 50,
3201 4624 3264 4670 20

674 4693 731 4737 et
769 4689 850 4738 St.
887 4687 946 4737 B.
987 4687 1101 4748 176,
1147 4689 1207 4736 12
1246 4684 1608 4752 Βορυςθένης.
1751 4688 1787 4739 1.
1825 4691 1892 4740 ‘24
1928 4688 2139 4754 ἀμένης
2177 4707 2244 4739 ex
2282 4689 2478 4740 Choer.
2516 4689 2549 4743 l.
2592 4707 2638 4740 ο.
2676 4701 2732 4740 et
2770 4692 2886 4752 149,
2925 4693 2986 4739 16
3024 4692 3095 4741 cf.
3132 4691 3261 4740 Hes,

673 4773 714 4803 s.
751 4752 1005 4819 ἀμενητά
1043 4770 1163 4804 eum
1190 4755 1487 4806 Schmidtii
1523 4755 1908 4819 annotatione,
1947 4757 1982 4811 l.
2008 4759 2074 4809 25
2110 4755 2320 4821 ἀμενής
2359 4758 2481 4824 ipse
2517 4758 2727 4819 adieci,
2766 4774 2931 4823 quum
2968 4765 3263 4824 oxytonum

672 4824 942 4886 barytono
980 4824 1305 4888 opposuisse
1345 4823 1692 4874 Herodianus
1732 4824 2134 4875 existithandus
2171 4826 2261 4878 sit.
2403 4825 2437 4877 l.
2472 4828 2537 4877 27
2585 4843 2765 4878 canon
2801 4828 3138 4892 compositus
3177 4828 3261 4877 est

672 4907 740 4941 ex
778 4889 976 4943 Choer.
1013 4894 1097 4956 55,
1137 4897 1184 4952 9,
1225 4890 1500 4957 δυςδηνὴς
1537 4895 1620 4955 52,
1659 4896 1690 4942 3
1729 4897 1787 4942 et
1823 4893 2070 4959 Theogu.
2108 4897 2189 4952 44,
2229 4898 2276 4945 5.
