3664 5546
1165 361 1324 418 ΠΕΡΙ
1364 360 1754 417 ΚΑΘΟΛΙΚΗ(
1789 359 2211 415 ΠΡΟΕΩιΔΙΑ(
2249 361 2326 417 ΙΑ.
2902 360 3025 424 251

460 555 589 617 ται,
636 533 834 617 ῥίζα,
878 534 1100 615 πέζα,
1144 533 1373 615 φύζα,
1420 532 1665 615 ςχίζα,
1711 531 1968 598 ςπίζα·
2014 531 2139 598 ἔςτι
2184 534 2256 597 δὲ
2299 531 2475 597 εἶδος
2508 531 2759 611 ὀρνέου.
2816 530 3025 612 (οφο-

460 640 609 715 κλῆς
665 637 736 701 ἐν
782 635 1087 719 Ναυπλίῳ
1140 637 1408 714 πυρκαεῑ
1463 633 1674 700 «κάτω
1728 634 2098 717 κρέμανται,
2155 635 2337 702 ςπίζα
2386 634 2598 700 τέτατ’
2641 635 2711 701 ἐν
2767 634 3026 714 ἕρκεςι».

458 738 628 821 ἄζα,
681 738 871 814 γάζα
925 739 1030 802 καὶ
1084 737 1274 805 Γάζα
1325 736 1512 802 πόλις
1569 734 1897 819 Φοινίκης,
1949 740 2067 802 νῦν
2125 738 2195 802 δὲ
2246 736 2667 816 Παλαιςτίνης
2721 736 2850 815 πρὸ
2914 738 3028 814 τῆς

456 840 794 916 Αἰγύπτου.
850 839 1080 919 ἐκλήθη
1125 840 1227 903 καὶ
1258 840 1428 905 Ἀζα.
1483 839 1585 903 καὶ
1630 838 1807 918 μέχρι
1853 841 1972 903 νῦν
2016 837 2206 917 (ύροι
2249 840 2440 906 ’Άζαν
2486 838 2683 917 αὐτὴν
2727 841 3025 903 καλοῦςιν

457 942 588 1008 ἀπὸ
631 943 915 1009 Ἀζωνος
958 945 1075 1007 τοῦ
1117 940 1347 1006 παιδὸς
1388 940 1792 1019 Ἡρακλέους.
1881 943 2306 1020 μυθολογοῦςι
2362 941 2433 1006 δέ
2476 961 2643 1007 τινες
2686 941 2816 1007 ὑπὸ
2858 940 3023 1005 Διὸς
3051 955 3085 1006 5

457 1048 768 1123 κτιςθῆναι
811 1046 914 1110 καὶ
957 1045 1027 1110 ἐν
1072 1043 1232 1127 αὐτῇ
1287 1042 1630 1109 ἀπολιπεῖν
1682 1043 1798 1120 τὴν
1857 1042 2018 1108 ἰδίαν
2062 1043 2293 1126 γάζαν,
2351 1043 2521 1109 οὕτω
2575 1047 2706 1109 τῶν
2754 1044 3024 1121 Περςῶν

456 1149 534 1212 τὰ
599 1149 885 1227 χρήματα
946 1147 1338 1212 καλούντων.
1438 1144 1658 1227 μύζα,
1722 1144 1989 1227 κνύζα,
2044 1146 2083 1210 ὃ
2149 1145 2205 1210 εἰ
2263 1149 2378 1226 μὲν
2442 1146 2547 1211 ἐπὶ
2609 1150 2727 1210 τοῦ
2793 1150 3025 1226 φυτοῦ,

445 1250 739 1335 ,ςυγκοπή
796 1250 958 1316 ἐςτιν
1012 1247 1157 1314 οἷον
1216 1247 1670 1329 «χαμαιζήλοιο
1724 1247 2068 1330 κονύζης»,
2122 1247 2179 1312 εί
2234 1249 2305 1313 δὲ
2349 1248 2453 1312 ἐπὶ
2494 1252 2612 1339 τοῦ
2655 1253 3023 1328 παρεφθορ-

457 1352 654 1431 μένου
699 1352 801 1416 καὶ
841 1350 1329 1431 ἐρρυπωμένου,
1383 1348 1464 1413 οὐ
1520 1349 1800 1427 ςυγκοπή
1846 1348 2044 1432 ἐςτιν,
2098 1348 2250 1414 ἀλλ’
2294 1348 2424 1415 ἀπὸ
2469 1354 2587 1415 τοῦ
2638 1349 2842 1431 κνύω,
2900 1348 3025 1429 ἀφ’

456 1452 536 1519 οὗ
590 1453 783 1519 κνύος
847 1453 887 1531 ἡ
931 1451 1148 1533 φθορά
1211 1450 1355 1517 οἷον
1422 1450 1622 1515 «κατὰ
1685 1451 1879 1516 κνύος
1943 1451 2200 1534 ἔχευεν,
2264 1452 2513 1531 ψίλωτο
2583 1454 2653 1517 δὲ
2717 1450 3024 1533 κάρηνα»,
3062 1467 3128 1519 10

454 1556 690 1632 γίνεται
733 1554 930 1623 κνύζα
974 1555 1064 1621 ὡς
1121 1554 1295 1633 παρὰ
1340 1552 1739 1631 Ἀνακρέοντι
1796 1554 2027 1632 «κνύζη
2081 1574 2176 1617 τις
2220 1553 2340 1633 ἤδη
2384 1554 2487 1618 καὶ
2538 1554 2811 1631 πέπειρα
2850 1552 3024 1629 γίνο-

456 1679 561 1738 μαι
615 1660 728 1737 ςὴν
785 1658 889 1723 διὰ
944 1656 1392 1737 μαργοςύνην»
1450 1653 1559 1738 (fr.
1603 1653 1682 1719 87
1725 1652 1996 1737 Bergk).
2083 1655 2300 1738 δόξα,
2356 1655 2592 1734 Φρίξα
2634 1655 2821 1719 πόλις
2880 1654 3023 1732 Τρι-

456 1759 687 1841 φυλίας
754 1757 884 1824 ἀπὸ
938 1758 1203 1840 Φρίξου,
1269 1757 1378 1823 ἐπ’
1442 1755 1641 1837 ὄρους
1705 1757 1963 1836 ὑψηλοῦ
2028 1757 2192 1836 πρὸς
2258 1756 2346 1822 ἕω
2409 1759 2522 1835 τῆς
2584 1757 3023 1839 Λεπρεατικῆς.

454 1861 811 1940 Φερεκύδης
864 1863 937 1927 δὲ
991 1860 1314 1940 Ἀρκαδίας
1368 1860 1568 1938 αὐτὴν
1623 1859 1873 1939 γράφει.
1959 1859 2140 1927 Λίξα
2193 1860 2380 1925 πόλις
2432 1858 2662 1940 Λιβύης
2718 1859 2808 1924 ὡς
2853 1854 3023 1924 Ἀλέ-

454 1968 725 2042 ξανδρος
768 1962 839 2028 ἐν
882 1964 1121 2048 πρώτῳ
1164 1962 1479 2044 Λιβυκῶν,
1525 1960 1655 2026 ἀπὸ
1699 1962 1888 2028 Λίξου
1932 1965 2242 2041 ποταμοῦ.
2311 1961 2530 2043 δίψα,
2580 1961 2796 2041 Κάψα
2836 1961 3024 2028 πόλις
3061 1978 3124 2030 15

458 2065 827 2143 Χαλκιδικῆς
860 2067 1073 2145 χώρας
1103 2064 1260 2130 κατὰ
1288 2064 1637 2142 Παλλήνην
1668 2062 1991 2142 ὁμοροῦςα
2019 2070 2110 2146 τῷ
2141 2062 2435 2148 Θερμαίῳ
2465 2063 2705 2147 κόλπῳ.
2751 2062 3024 2143 (άμψα

454 2168 628 2247 κώμη
682 2169 793 2246 τῆς
849 2166 1152 2248 Ἀραβίας.
1241 2166 1459 2247 ςάμψα
1512 2166 1583 2231 δὲ
1640 2164 1813 2244 παρὰ
1867 2168 2005 2231 τοῖς
2046 2166 2284 2245 Ἄραψι
2338 2164 2376 2229 ὁ
2429 2165 2626 2244 ἥλιος.
2715 2164 3024 2245 (κέμψα

451 2268 638 2335 πόλις
681 2270 944 2351 Θρᾴκης.
1013 2268 1317 2348 (τρέψα
1360 2266 1548 2334 πόλις
1592 2269 2008 2334 Μακεδονίας.
2063 2268 2158 2333 Τὰ
2201 2269 2272 2334 δὲ
2317 2267 2822 2348 ύπερδιςύλλαβα
2864 2287 3023 2346 προ-

451 2370 904 2453 παροξύνεται,
960 2371 1231 2453 ὄρυζα,
1285 2392 1321 2435 τ
1335 2369 1656 2449 ράπεζα’
1725 2370 1853 2434 ἔςτι
1897 2371 1999 2436 καὶ
2050 2370 2236 2436 πόλις
2280 2369 2606 2448 Ἀρκαδίας
2648 2368 2837 2445 ἐγγύς
2880 2368 3022 2447 Τριι-

455 2475 778 2540 κολώνων.
824 2471 1359 2555 ἀργυρόπεζα,
1389 2472 1851 2554 τετράπεζα,
1882 2471 2213 2555 χάλαζα,
2251 2472 2604 2551 Δούριζα
2634 2471 2817 2552 λίμνη
2846 2471 3022 2550 παρὰ
3057 2489 3127 2541 20

454 2578 569 2641 τὸν
611 2576 800 2643 Λίζαν
844 2574 1152 2654 ποταμόν.
1207 2574 1529 2640 Ἑκαταῖος
1573 2574 1933 2653 περιηγήςει
1965 2572 2195 2656 Ἀςίας,
2243 2580 2357 2657 «τῇ
2402 2575 2475 2639 δὲ
2520 2573 2703 2653 λίμνῃ
2732 2573 3022 2651 Δούριζα

457 2676 760 2756 οὔνομα».
848 2676 1145 2754 Βόρυζα
1187 2677 1371 2742 πόλις
1413 2677 1718 2759 Περςική,
1777 2676 1868 2740 ὡς
1912 2674 2233 2743 Ἑκαταῖος
2286 2677 2645 2755 περιηγήςει
2688 2675 3021 2755 Εὐρώπης·

460 2779 652 2858 «μετὰ
704 2780 775 2845 δὲ
828 2779 1075 2858 Βόρυζα
1126 2778 1313 2845 πόλις
1364 2779 1694 2859 Περςέων·
1762 2780 1918 2858 μετὰ
1974 2780 2045 2844 δὲ
2101 2778 2335 2845 Θυνιάς
2351 2805 2394 2844 ».
2485 2779 2550 2845 Ἀ
2564 2779 2855 2860 ράβυζα
2909 2781 3021 2857 τῆς

457 2881 855 2948 Καυκωνίδος
898 2881 1100 2948 πόλις.
1188 2881 1474 2949 Βάδιζα
1524 2882 1710 2947 πόλις
1755 2879 2066 2960 Βρεττίας.
2151 2881 2476 2964 Πολύβιος
2519 2880 3019 2962 τριςκαιδεκάτῳ.

456 2983 863 3061 Βαρύγαζα
905 2983 1212 3063 ἐμπόριον
1262 2983 1602 3063 Γεδρωςίας
1645 2987 1775 3050 τῶν
1821 2983 2073 3064 ςφόδρα
2115 2983 2449 3064 ἐπιςήμων.
2541 2983 2784 3051 Μίεζα
2827 2982 3019 3059 θυγά-
3056 3006 3121 3056 25

452 3106 567 3164 τηρ
612 3087 886 3166 Βέρητος
928 3090 1044 3152 τοῦ
1091 3083 1468 3152 Μακεδόνος
1511 3086 1613 3150 καὶ
1656 3086 1843 3150 πόλις
1890 3086 2304 3152 Μακεδονίας.
2397 3086 2793 3154 Κάττουζα
2835 3086 3022 3151 πόλις

453 3189 732 3270 Θρᾴκης,
775 3187 847 3252 ἐν
890 3188 928 3271 ᾗ
974 3191 1306 3274 κατῴκουν
1352 3188 1414 3253 οἱ
1455 3188 1792 3268 Πυγμαῖοι.
1851 3188 2256 3268 Θελάμουζ
2269 3210 2312 3253 α
2354 3189 2673 3270 φρούριον
2717 3192 2829 3280 τῆς
2871 3188 3022 3268 παρ’

451 3289 788 3370 Εὐφράτην
845 3290 1144 3371 Ἀραβίας.
1243 3290 1510 3369 Τίριζα
1573 3290 1759 3355 πόλις
1821 3289 2302 3370 Παφλαγονίας.
2398 3290 2785 3370 Τυρόδιζα
2836 3291 3022 3356 πόλις

453 3391 724 3473 Θρᾴκης·
746 3391 902 3470 μετὰ
945 3389 1224 3471 (έρριον.
1311 3391 1674 3457 Ἑλλάνικος
1731 3393 1802 3458 δὲ
1846 3392 2196 3472 Τυρόριζαν
2248 3392 2449 3472 αὐτήν
2503 3413 2694 3474 φηςιν
2740 3392 2811 3458 ἐν
2854 3392 3021 3472 Περ-

454 3496 641 3557 ςικῶν
697 3492 993 3576 δευτέρῳ.
1089 3493 1354 3572 ἅμαξα.
1407 3495 1690 3574 Ἄμαξα
1744 3493 1982 3574 χωρίον
2038 3494 2356 3577 Βιθυνίας,
2415 3496 2505 3563 ὡς
2561 3494 3020 3574 Ἐρατοςθένης.
3057 3517 3126 3570 30

450 3593 725 3671 Ἀραξα
786 3593 973 3658 πόλις
1036 3593 1295 3678 Λυκίας,
1368 3595 1458 3661 ὡς
1524 3596 1939 3676 Ἀλέξανδρος
2003 3596 2073 3662 ἐν
2139 3598 2416 3682 δευτέρῳ
2482 3601 2613 3664 τῶν
2677 3597 3020 3664 Λυκιακῶν.

450 3693 800 3775 Δάραψα
864 3695 1050 3760 πόλις
1116 3697 1447 3781 Βακτρίας,
1516 3699 1607 3763 ὡς
1674 3698 1970 3782 (τράβων
2026 3696 2161 3781 (ΧΙ
2216 3721 2276 3784 p.
2332 3698 2504 3784 516).
2615 3700 3022 3780 Βαίςαμψα

451 3797 635 3861 πόλις
700 3796 772 3860 ἐν
825 3803 917 3881 τῷ
968 3798 1271 3883 Ἀραβικῷ
1325 3799 1547 3885 κόλπῳ
1602 3802 1748 3879 περὶ
1799 3802 1916 3880 τὴν
1972 3801 2274 3881 Ἐρυθρὰν
2340 3803 2685 3885 θάλαςςαν,
2751 3802 2789 3867 ὅ
2855 3802 3020 3867 ἐςτιν

452 3896 630 3964 οἶκος
674 3898 874 3978 ἡλίου.

459 4089 600 4096 -——-—-
653 4090 851 4097 --————.

451 4240 641 4299 retuli,
698 4256 860 4306 quum
915 4241 1118 4293 Herod.
1165 4242 1311 4296 Mon.
1358 4245 1450 4306 31,
1501 4246 1561 4295 19
1619 4250 1674 4295 et
1719 4243 1905 4295 Dichr.
1952 4244 2077 4307 288,
2130 4246 2197 4294 20
2250 4244 2455 4294 diserte
2510 4245 2649 4306 μᾶζα
2704 4245 2919 4294 unicum
2962 4245 3020 4294 in

448 4328 513 4378 ζα
548 4325 716 4389 longa
752 4326 994 4392 ancipite
1034 4327 1401 4391 praecedente
1437 4344 1560 4379 esse
1597 4328 1903 4393 perhibeat.
1952 4328 2135 4378 Verba
2170 4328 2297 4377 iude
2334 4343 2368 4378 a
2403 4325 2552 4390 ςχίζα
2588 4343 2761 4394 usque
2786 4328 2857 4378 ad
2884 4327 3023 4391 μύζα

449 4410 516 4444 ex
561 4393 748 4446 Dichr.
798 4399 854 4443 ct
889 4395 1034 4446 Mon.
1081 4395 1116 4445 l.
1155 4411 1203 4448 c.
1249 4397 1458 4461 recepi,
1505 4398 1639 4446 urbe
1680 4394 1816 4448 Γάζα
1864 4410 1928 4445 ex
1967 4396 2047 4447 St.
2085 4397 2148 4447 B.
2187 4395 2404 4458 addita,
2451 4394 2620 4447 κνύζα
2669 4411 2736 4446 ex
2781 4397 2845 4448 Ε.
2882 4398 3019 4448 Gud.

450 4466 567 4522 330,
605 4462 824 4512 69·ubi:
862 4465 1038 4513 τοῦτο
1076 4465 1174 4524 (sc.
1210 4463 1404 4529 κνύζα)
1443 4461 1522 4515 ὡς
1559 4460 1708 4526 λέγει
1746 4462 2088 4526 Ἡρωδιανὸς
2124 4461 2186 4514 ὲν
2221 4467 2291 4528 τῇ
2318 4461 2590 4528 καθόλου,
2629 4464 2828 4515 collato
2856 4466 2917 4514 Ε.
2946 4467 3019 4521 Μ.

449 4533 566 4592 331,
605 4532 669 4580 15
705 4536 762 4580 et
797 4529 1052 4581 Eustath.
1089 4532 1247 4593 1766,
1284 4534 1368 4583 34.
1440 4528 1612 4596 Φρίξα
1649 4531 1828 4580 adieci
1863 4546 1931 4580 ex
1966 4531 2211 4594 Theogn.
2252 4534 2374 4592 100,
2412 4535 2475 4581 14
2512 4538 2568 4581 et
2604 4532 2682 4584 St.
2720 4535 2808 4588 Β..
2852 4531 3021 4597 ὄρυζα

450 4613 518 4647 ex
551 4597 760 4659 Dichr.‚
809 4596 1059 4662 τράπεζα
1103 4599 1238 4650 urbe
1275 4615 1342 4649 ex
1380 4600 1460 4650 st.
1495 4602 1559 4650 B.
1597 4603 1877 4664 apposita,
1913 4597 2226 4663 τετράπεζα
2272 4615 2341 4649 ex
2386 4601 2664 4666 Theogn.‚
2710 4598 2920 4664 χάλαζα
2956 4627 3021 4638 --

451 4663 718 4729 Ἀράβυζα
763 4682 832 4715 ex
874 4668 1022 4717 Mon.
1066 4667 1368 4729 (caeterum
1403 4668 1483 4718 St.
1521 4670 1585 4719 Β.
1632 4666 1697 4716 de
1749 4664 2018 4730 Ἀράβυζα
2062 4667 2257 4718 eadem
2300 4668 2495 4719 iisdem
2538 4670 2723 4721 verbis
2808 4670 3019 4732 refert),

448 4733 582 4783 item
616 4732 856 4798 Βόρυζα,
904 4734 1048 4799 quod
1092 4736 1262 4786 etiam
1306 4752 1396 4802 ap.
1435 4734 1514 4788 St.
1551 4735 1612 4785 Β.
1651 4740 1862 4790 exstat:
1911 4735 2123 4801 reliqua
2167 4738 2348 4786 omnia
2394 4753 2461 4788 ex
2498 4736 2578 4791 St.
2617 4739 2705 4800 Β.,
2751 4686 3020 4803 Ῥυρόδιζα

450 4799 627 4863 ὄνομα
664 4798 890 4853 πόλεως
927 4803 1094 4854 habet
1133 4804 1299 4854 etiam
1334 4804 1579 4867 Theogn.
1654 4802 1864 4856 Contra
1898 4804 2143 4872 regulam
2181 4820 2265 4875 ap.
2303 4804 2386 4856 St.
2422 4808 2485 4858 Β.
2540 4804 2863 4869 Θελάμουζα
2899 4823 3019 4873 pro-

446 4869 854 4937 perispomenos
888 4873 1147 4936 scriptum
1185 4877 1287 4923 est.
2696 4921 2701 4934 ,
