3664 5546
630 369 749 436 138
1557 370 1639 424 ΕΚ
1678 370 1817 423 ΤΩΝ
1861 369 2268 424 ΗΡΩΔΙΑΝΟΥ

790 541 883 606 Τὰ
927 542 1016 606 εἰς
1069 544 1142 606 οἳ
1186 541 1466 620 καθαρὸν
1512 541 1748 621 ἔχοντα
1778 541 2136 620 δίφθογγον
2181 542 2297 620 τὴν
2342 542 2447 605 διὰ
2483 544 2601 605 τοῦ
2633 562 2670 603 υ
2701 539 3023 622 ὀξύνεται,
3069 540 3199 604 ἐπι-

622 645 833 709 θετικὰ
888 644 1048 709 ὄντα
1102 646 1140 724 ἢ
1196 645 1381 724 κύρια
1424 642 1903 725 όμοφωνοῦντα
1956 645 2093 707 τοῖς
2139 643 2482 726 ἐπιθέτοις,
2515 628 2827 708 ’ἀκοῦός
2871 643 2975 707 καὶ
3017 643 3201 707 ἐπα-

622 748 890 829 κουός,
955 745 1253 824 ἀγαυός
1317 747 1419 812 καὶ
1469 747 1544 811 τὸ
1601 745 1822 825 κύριον
1882 746 1983 810 καὶ
2037 746 2113 810 τὸ
2173 744 2484 810 ἐπίθετον.
2571 745 2928 825 πρόςκειται
2977 744 3075 809 «εἰ
3118 746 3200 824 μὴ

623 849 940 913 ἐπιθετικὰ
984 847 1111 932 εἴη,
1164 848 1333 913 ἀλλὰ
1387 848 1643 931 κύρια»,
1699 849 1797 913 ὅτι
1843 852 2041 912 ταῦτα
2086 848 2451 929 βαρύνεται,
2511 847 2962 929 Ἀκάλαυος,
3018 847 3199 911 Πεί-

561 959 594 1009 5
624 971 895 1034 ραυος,
940 953 1271 1031 Ἀρευος.

820 1428 996 1493 ΠΕΡΙ
1054 1426 1213 1492 ΤΩΝ
1271 1429 1383 1494 ΕΙ(
1427 1417 1569 1512 βος,
1627 1428 1738 1493 ΕΙ(
1780 1417 1896 1505 fec
1956 1428 2070 1491 ΚΑΙ
2127 1426 2287 1492 ΤΩΝ
2347 1427 2708 1493 ΚΑΘΕΞΗ(
2764 1427 2998 1493 ΜΕΧΡΙ

1666 1529 1825 1595 ΤΩΝ
1874 1529 1987 1595 ΕΙ(
2029 1534 2162 1609 W.

1598 1715 2072 1772 ΒΙΒΛΙΟΝ
2152 1709 2268 1781 ς’.,

792 1889 885 1953 Τὰ
939 1887 1027 1953 εἰς
1079 1874 1199 1969 eff
1257 1889 1599 1969 διςύλλαβα
1666 1889 1849 1967 κύρια
1903 1889 1942 1966 ἢ
1995 1888 2428 1966 προςηγορικὰ
2500 1888 2870 1969 βαρύνεται,
2928 1887 2967 1951 ὄ
2983 1889 3122 1966 λβο
3138 1908 3200 1969 ς,

530 1994 590 2044 10
628 1990 872 2073 λίβος,
917 1991 1203 2071 Λέςβος
1248 1992 1352 2056 καὶ
1393 1990 1431 2055 ὁ
1477 1992 1723 2069 κτιςτὴς
1777 1993 1880 2055 καὶ
1932 1991 1972 2070 ἡ
2018 1993 2240 2073 νῆςος,
2297 1992 2719 2073 φλοῖςβος,
2776 1989 3069 2069 θάμβος
3125 1990 3199 2054 τὸ

623 2092 999 2175 μονογενές,
1055 2094 1357 2173 τάρβος.
1429 2093 1742 2174 λέμβος,
1792 2093 2111 2174 βόμβος,
2156 2092 2477 2173 τύμβος,
2537 2091 2861 2175 ῥύμβος,
2907 2091 3201 2173 ςτίβος,

623 2194 903 2274 τρίβος.
951 2193 1294 2275 (τρόβος
1328 2195 1513 2260 πόλις
1549 2194 1966 2260 Μακεδονίας.
2000 2194 2250 2274 Τάβος
2284 2194 2477 2276 ἥρως,
2514 2192 2642 2274 ἀφ’
2677 2191 2755 2257 οὗ
2787 2193 2984 2274 Τάβαι
3015 2193 3215 2258 πόλις

620 2294 866 2360 Λυδίας.
933 2296 1036 2375 Θρ
1053 2297 1291 2377 άμβος
1345 2296 1743 2375 ἀκρωτήριον
1812 2296 2231 2361 Μακεδονίας.
2328 2297 2371 2359 Ἴ
2390 2317 2421 2361 ς
2438 2300 2568 2376 βος
2634 2296 2929 2374 Ἰςαυρίας
2994 2296 3200 2378 πόλις,

627 2397 721 2461 Κύ
739 2402 823 2476 βο
840 2419 870 2462 ς
914 2399 951 2476 ἢ
1008 2399 1108 2463 καὶ
1154 2400 1334 2480 Κυβώ
1349 2448 1367 2483 ,
1422 2399 1608 2472 πόλις
1650 2399 1884 2464 Ἰώνων
1940 2399 2010 2463 ἐν
2056 2398 2250 2482 Λιβύῃ
2293 2397 2643 2479 Φοινίκων,
2699 2397 2779 2461 Ὄ
2795 2402 2970 2477 μβοι
3014 2398 3202 2464 πόλις

528 2505 586 2555 15
621 2499 942 2575 Αἰγύπτου
986 2503 1148 2579 πρὸς
1192 2508 1268 2585 τῇ
1313 2501 1522 2585 Λιβύῃ.
1580 2502 1996 2579 Ἀλέξανδρος
2041 2500 2110 2565 ἐν
2154 2501 2393 2584 πρώτῳ
2437 2499 2894 2576 Αἰγυπτιακῶν.
2962 2500 3161 2580 (άβο
3179 2522 3201 2564 ι

620 2601 810 2665 ἔθνος
852 2601 1144 2679 Φρυγίας.
1219 2602 1515 2677 λέγονται
1588 2604 1690 2667 καὶ
1734 2602 1877 2667 ἀντὶ
1922 2606 2038 2667 τοῦ
2084 2602 2303 2682 βάκχοι
2360 2603 2534 2680 παρὰ
2577 2601 2827 2680 Φρυξίν.
2903 2601 3202 2682 (ἀμβος

620 2702 806 2767 πόλις
862 2703 1145 2785 Ἀράβων
1201 2706 1302 2769 καὶ
1358 2704 1419 2768 οἱ
1472 2707 1729 2770 πολῖται
1786 2704 2036 2784 (ἀμβοι.
2128 2705 2173 2768 Β
2189 2707 2360 2785 οῑβο
2377 2725 2408 2768 ς
2465 2705 2504 2768 Γ
2507 2703 2804 2783 λαφύρου
2851 2704 3016 2787 υἱός,
3074 2703 3202 2785 ἀφ’

622 2803 702 2870 οὗ
734 2805 922 2885 Βοίβη
967 2806 1150 2871 πόλις
1183 2807 1534 2872 Θεςςαλίας
1582 2807 1772 2886 (τρο
1792 2811 1965 2888 ῖβος
1995 2806 2033 2871 ὁ
2078 2806 2363 2887 ἀδελφὸς
2411 2808 2450 2871 Γ
2452 2806 2738 2874 ύζαντος.
2802 2807 3201 2886 ςεςημείωται

619 2908 694 2972 τὸ
742 2908 888 2972 Βόλ
905 2913 991 2988 βο
1007 2929 1038 2973 ς
1081 2910 1640 2992 παροξυνόμενον,
1686 2909 1793 2974 ὅτε
1840 2910 2061 2988 κύριον
2077 2958 2094 2992 ,
2143 2914 2227 2989 βο
2245 2912 2279 2972 λ
2298 2909 2428 2989 βός
2473 2910 2543 2972 δὲ
2587 2910 2665 2973 τὸ
2707 2910 3200 2990 προςηγορικόν,

415 3027 446 3064 ⁸
519 3009 589 3060 20
624 3009 835 3088 ὥςπερ
881 3014 967 3074 λο
984 3012 1113 3089 βός
1157 3011 1349 3089 μέρος
1392 3015 1509 3075 τοῦ
1552 3011 1813 3090 ἥπατος.
2621 3001 2634 3028 ’

789 3111 884 3175 Τὰ
939 3111 1025 3176 εἰς
1071 3099 1194 3193 ff
1239 3113 1580 3194 διςύλλαβα
1641 3113 1958 3178 ἐπιθετικὰ
2020 3112 2342 3195 ὀξύνεται,
2407 3114 2768 3196 ςτραβός,
2836 3113 3106 3194 ῥαιβός
3161 3113 3202 3176 ὸ

621 3213 702 3292 μὴ
747 3212 971 3295 ὀρθός,
1016 3216 1118 3279 καὶ
1160 3236 1260 3278 κω
1277 3215 1425 3295 βός.

626 3385 805 3392 -Wn—
860 3386 923 3392 ——

754 3502 791 3552 1.
827 3505 858 3551 ‘2
895 3519 989 3568 pro
1026 3501 1131 3555 οὐκ
1168 3502 1358 3556 ἑθνικά
1395 3505 1591 3569 scripsi
1626 3504 1879 3555 consulto
1916 3520 2125 3554 canone
2165 3505 2556 3570 praecedente,
2606 3505 2747 3569 quod
2789 3507 3069 3556 sententia
3105 3506 3202 3555 fla·

561 3657 570 3667 -
621 3572 781 3702 &2⁰²3
801 3570 1456 3692 ἜτῗιὲἓζῖκὲὴειὸμοἙῖἔὲ
1459 3574 1564 3691 ⁰35
1566 3570 2068 3691 “102“'1³‘}“¹‘3⁶'‘3}{
2096 3578 2150 3623 ‘³‘
2179 3571 2602 3691 ἑῖῗέωἶῑρῗῖηῗ
2629 3571 3044 3693 μὲῃέθνὲκὰὲῖη
3082 3574 3200 3624 m.

622 3654 836 3773 {rossrie
873 3707 1167 3759 adiectum..
1192 3655 1320 3758 ηἰιρ
1360 3655 1595 3770 Ἀγαυόῗ
1633 3657 2262 3763 cf.‘Leh};·s⁰11'³.1-is’t.q282
2301 3658 2544 3771 (ἕειηῗι).
2615 3658 2952 3760 {ocabsslffi
2987 3658 3199 3772 ἶὶαῗιῗιῗ

620 3774 963 3825 monadicum
1000 3793 1121 3827 esse
1161 3777 1333 3828 tradit
1369 3778 1570 3826 Herod.
1596 3778 1741 3828 Mon.
1768 3781 1852 3838 31,
1887 3780 1975 3826 31:
2015 3774 2250 3838 ἀγαυός;
2289 3776 2457 3828 οὐδὲν
2493 3775 2570 3828 εἰς
2607 3779 2671 3830 δί
2707 3778 2884 3841 λῆγον
2919 3776 3062 3842 ὑπὲρ
3098 3776 3200 3828 δύο

620 3842 892 3907 ςυλλαβὰς
929 3842 1272 3907 ὁξυνόμενον
1306 3847 1377 3910 τῇ
1415 3847 1486 3896 (Τι’)
1524 3843 1815 3910 διφθόγγῳ
1862 3843 2271 3909 παραλήγεται,
2320 3844 2463 3897 ἀλλὰ
2508 3844 2684 3908 μόνον
2729 3844 2798 3896 τὸ
2844 3844 3068 3907 ἀγαυός.
3136 3846 3202 3895 In

622 3914 684 3967 Ε.
734 3913 918 3965 Orion.
956 3916 1015 3974 3,
1067 3916 1128 3962 10
1174 3910 1382 3975 ἀγαυός
1429 3911 1580 3976 παρὰ
1622 3912 1693 3964 τὸ
1740 3911 2162 3984 ἀγαμαιὶἀγαός
2208 3913 2296 3964 καί
2344 3913 2679 3980 πλεοναςμῷ
2728 3911 2970 3980 Αἰολικῷ
3016 3916 3118 3965 τοῦ
3164 3916 3200 3963 ῦ

620 3978 857 4044 ἀγαυός,
895 3978 928 4031 ό
964 3979 1025 4032 δὲ
1061 3978 1229 4032 τόνος
1265 3983 1368 4032 τοῦ
1407 3979 1613 4044 ἀγαυός
1650 3979 1753 4031 οὐκ
1791 3978 2062 4032 Αίολικῶς
2110 3979 2188 4032 ube
2225 3980 2360 4033 ναός
2397 3983 2593 4045 ναυός,
2643 3981 2787 4047 quod
2822 3997 2932 4032 non
2970 3987 3055 4032 eet
3089 3982 3202 4032 He-

621 4049 860 4104 rodiani.
899 4050 993 4113 qui
1029 4050 1099 4100 ab
1135 4045 1279 4109 γαίω
1315 4046 1507 4111 ἀγαιός
1545 4048 1635 4100 καὶ
1669 4051 1855 4115 τροπῇ
1891 4051 1993 4100 τοῦ
2033 4051 2064 4099 ἶ
2100 4047 2178 4101 εἰς
2213 4051 2246 4099 ῦ
2285 4050 2442 4099 duxit
2477 4051 2534 4100 in
2572 4052 2633 4103 E.
2672 4050 2861 4101 Orion.
2889 4054 2980 4112 30,
3017 4051 3066 4101 8.

625 4118 657 4169 l.
701 4120 762 4166 10
796 4115 999 4179 Λέςβος
1037 4116 1252 4181 explevi
1295 4134 1359 4166 ex
1399 4117 1476 4168 St.
1520 4120 1577 4167 B.
1615 4121 1704 4182 50,
1746 4121 1792 4167 1.
1854 4115 2053 4194 λέμβος
2089 4145 2154 4153 —-
2190 4115 2376 4182 τρίβος
2422 4123 2640 4184 sumpta
2684 4123 2813 4169 suut
2849 4134 2916 4168 ex
2952 4119 3056 4172 An.
3096 4120 3198 4170 Ox.

621 4203 677 4253 11
713 4204 829 4264 397,
867 4203 899 4250 6
936 4202 1029 4252 ubi
1068 4216 1242 4251 canon
1281 4203 1359 4251 sic
1396 4203 1698 4267 profertur:
1736 4200 1808 4253 τὰ
1834 4199 1914 4253 εἰς
1951 4204 2045 4266 βος
2091 4201 2341 4266 λήγοντα
2385 4202 2684 4266 διςύλλαβα
2729 4200 2890 4266 κύρια
2923 4201 2959 4266 ἢ
2997 4217 3040 4254 π
3109 4216 3201 4266 ςη-

620 4269 814 4334 γορικά
853 4270 926 4334 μὴ
964 4267 1197 4320 ἐπίθετα
1234 4269 1530 4335 βαρύνεται
1566 4268 1690 4323 οἷον
1727 4269 1947 4334 λέμβος,
1998 4270 2201 4334 βόμβος
2239 4269 2422 4322 καὶτὸ
2449 4268 2858 4335 προςηγορικὸν
2893 4269 2985 4321 καὶ
3057 4285 3202 4332 νομα

622 4337 847 4390 πόλεως
885 4339 1004 4403 (pro
1041 4339 1238 4402 quibus
1275 4354 1436 4404 quum
1474 4340 1606 4390 urbs
1644 4338 1860 4403 Βόμβος
1896 4342 2088 4404 ignota
2126 4341 2223 4402 sit,
2273 4340 2510 4390 fortasse
2558 4339 2901 4390 scribendum
2946 4343 3034 4389 est
3071 4337 3201 4401 βόμ-

621 4408 716 4470 βος
751 4405 821 4457 τὸ
858 4406 1267 4472 προςηγορικὸν
1304 4407 1395 4458 καὶ
1428 4406 1637 4471 Ὀμβος
1675 4406 1855 4470 ὄνομα
1893 4406 2168 4471 πόλεως),
2206 4407 2442 4471 τύμβος,
2480 4406 2715 4472 ῥύμβος,
2753 4404 2961 4470 ςτίβος,
2998 4403 3203 4471 τρίβος.

619 4474 688 4525 τὸ
734 4471 796 4527 δὲ
842 4472 1044 4538 βαλβός
1092 4476 1216 4537 (scr.
1266 4475 1487 4538 βολβός)
1536 4475 1821 4540 ὀξύνεται,
1871 4474 1969 4527 ὅτε
2016 4490 2265 4541 προςηγο
2303 4475 2425 4528 ικόν
2471 4474 2609 4539 ἐςτι,
2657 4474 2836 4527 ὁπότε
2880 4473 2941 4526 δὲ
2989 4474 3200 4539 κύριον,

621 4543 932 4608 βαρύνεται.
1003 4542 1215 4606 φόλβο(
1256 4543 1419 4607 (quae
1457 4549 1542 4594 est
1579 4545 1736 4594 varia
1772 4544 1942 4595 lectio
1980 4561 2076 4610 pro
2114 4545 2246 4608 βολβ
2285 4559 2339 4606 ς,
2387 4561 2555 4610 quare
2593 4545 2776 4608 potius
2822 4541 3036 4604 φολβός
3071 4544 3202 4594 8(ϊί-

622 4612 897 4676 bendum).
968 4611 1203 4663 Nomina
1245 4611 1373 4660 inde
1420 4609 1489 4662 ab
1528 4610 1771 4676 (τρόβος
1806 4641 1873 4648 —
1910 4610 2171 4678 (τροῑβος
2219 4629 2284 4663 ex
2334 4613 2415 4663 St.
2457 4614 2516 4662 B.
2557 4613 2755 4677 recepi.
2828 4613 2893 4662 In
2941 4610 3046 4662 fine
3082 4612 3201 4661 iure

619 4680 975 4732 Schmidtium
1013 4697 1109 4745 pro
1145 4678 1313 4741 ὄλβος
1349 4685 1406 4729 et
1444 4678 1641 4743 Ὀλβός
1679 4682 2015 4744 suspicatum
2050 4698 2174 4732 esse
2202 4679 2399 4744 βόλβο(
2436 4688 2493 4731 et
2519 4679 2728 4743 Βολβός
2756 4680 3000 4730 ostendit
3025 4695 3202 4729 canon

620 4750 675 4798 iu
712 4748 812 4800 An.
851 4750 950 4799 Ox.
992 4748 1321 4813 propositus.
1461 4747 1495 4797 Ι.
1532 4749 1596 4796 22
1635 4764 1732 4812 pro
1769 4747 1953 4812 κωβός
1990 4751 2304 4814 suspicatur
2331 4748 2591 4800 Schmidt.
2629 4746 2812 4812 βωβός
2849 4763 2934 4813 ap.
2961 4746 3203 4811 Hesych.

622 4817 703 4865 Ex
742 4832 948 4867 canone
995 4814 1364 4880 praecedente
1411 4814 1667 4865 concludi
1715 4823 1902 4881 potest
1935 4817 2025 4867 hie
2061 4818 2228 4868 etiam
2264 4816 2474 4879 θαμβός
2509 4816 2579 4867 τὸ
2617 4813 2882 4869 ἐπίθετον
2917 4832 3006 4880 ap.
3043 4817 3203 4865 Eunt.

622 4900 673 4949 p.
713 4886 830 4947 906,
868 4887 932 4934 53
969 4889 1447 4935 commemoratum
1485 4883 1674 4936 fuisse.
