3664 5546
1504 399 1920 448 PRAEFATIO.
2798 391 2992 444 LXVII

419 571 637 625 tomen
681 556 953 622 Arcadii
994 579 1064 621 re
1119 578 1278 621 vera
1333 577 1419 619 ex
1461 552 1797 619 Catholica
1852 561 2226 639 excerptam
2281 573 2424 615 esse
2467 573 2542 616 eo
2586 550 2778 617 modo
2799 600 2818 634 ,
2865 572 2989 638 quo

422 662 491 725 in
549 659 956 748 praefatione
1013 657 1254 722 dictum
1311 666 1426 722 est.
1518 655 1706 737 Quae
1761 676 1960 741 quum
2017 654 2111 718 ita
2167 655 2328 734 sint,
2389 652 2658 718 Arcadii
2714 653 2991 739 epitome

421 784 539 850 pro
585 761 878 849 principe
923 760 1102 825 fonte
1147 756 1526 824 Catholicae
1570 767 1637 821 et
1678 779 1794 843 pro
1841 754 2300 836 fundamentO‚
2356 755 2425 818 in
2480 779 2605 843 quo
2662 754 2991 820 restitutio

424 862 756 948 originalis
815 861 965 928 libri
1019 860 1297 927 locanda
1341 860 1457 941 sit,
1502 858 1806 924 habenda
1851 869 1970 923 est.
2061 857 2455 942 Primigenia
2505 856 2718 922 forma
2758 855 2993 922 Catho-

423 965 586 1029 licae
628 963 826 1030 hodie
869 962 1228 1028 restaurari
1268 985 1400 1027 non
1446 970 1693 1047 potest,
1739 982 1891 1024 nam
1937 981 2159 1026 omnes
2202 959 2413 1024 fontes
2457 958 2813 1046 particulas
2856 970 2993 1024 tan-

424 1077 563 1131 tum
592 1087 912 1131 canonum
942 1064 1287 1152 praebent3
1331 1064 1643 1149 optimum
1673 1061 1874 1145 igitur
1904 1060 2064 1125 duxi
2095 1060 2400 1144 Arcadii,
2434 1062 2545 1147 qui
2589 1071 2655 1125 et
2682 1060 2995 1126 librorum

427 1168 718 1234 ordinem
763 1178 829 1233 et
870 1187 1192 1231 canonum
1236 1165 1469 1228 seriem
1512 1162 1813 1244 retinuit,
1860 1163 2178 1227 rationem
2235 1164 2419 1248 sequi
2473 1173 2539 1227 et
2583 1184 2861 1228 canones
2917 1161 2997 1225 de

427 1272 655 1335 eadem
697 1268 1150 1333 terminatione
1195 1265 1546 1352 separatim
1601 1287 1960 1352 proponere
2014 1276 2080 1329 et
2138 1265 2623 1350 perspicuitatis
2680 1286 2879 1329 causa
2933 1274 2997 1327 et

319 1377 328 1384 '
430 1372 583 1459 quia
623 1371 747 1435 hoc
789 1369 982 1435 modo
1028 1392 1108 1434 ea
1150 1368 1641 1449 adnotamenta‚
1698 1390 1864 1454 quae
1921 1390 2007 1431 ex
2048 1365 2192 1430 aliis
2248 1366 2542 1433 fontibus
2597 1365 2682 1431 ad
2726 1364 2995 1431 Arcadii

429 1482 778 1561 praecepta
820 1470 1171 1552 accedunt,
1218 1467 1478 1532 facilius
1522 1469 1722 1533 inseri
1766 1479 2060 1556 possunt.
2146 1468 2372 1556 Neque
2416 1480 2633 1533 tamen
2685 1469 2753 1531 in
2798 1466 2998 1533 omni-

429 1576 554 1641 bus
599 1574 897 1661 partibus
944 1569 1300 1636 Arcadium
1344 1570 1855 1635 substruendum
1901 1570 2094 1652 duxi,
2152 1569 2268 1634 sed
2324 1569 2508 1635 libris
2556 1568 2710 1651 XV,
2756 1566 3000 1632 XVIII

433 1686 499 1741 et
542 1675 714 1740 XIX
770 1673 1043 1740 alteram
1099 1674 1425 1758 epitomen
1469 1672 1881 1752 Catholicae,
1937 1693 2103 1757 quae
2133 1671 2346 1741 >nobis
2402 1681 2667 1737 servata
2722 1680 2855 1751 est,
2914 1667 2998 1733 ab

430 1778 678 1843 Ioanne
723 1775 1172 1841 Alexandrino
1218 1773 1584 1863 confectam
1630 1774 2127 1838 fundamentum
2171 1796 2315 1836 esse
2360 1773 2564 1837 satius
2609 1773 2794 1837 duxi.

601 1878 705 1941 De
763 1877 1095 1942 codicibus
1139 1874 1444 1956 Arcadii,
1499 1876 1610 1961 qui
1669 1875 1940 1957 dicitur,
1999 1873 2332 1956 describo,
2393 1898 2559 1962 quae
2603 1874 3002 1940 Schmidtiu's

437 1983 502 2043 in
538 1979 840 2043 editionis
887 2000 1044 2041 suae
1088 1977 1315 2062 (Ienae
1349 1976 1511 2040 1860
1554 1999 1658 2062 ap.
1690 1977 1765 2041 F.
1798 1975 2208 2063 Mauckium)
2255 1978 2657 2063 praefatione
2701 1977 3000 2064 praebet:

605 2087 678 2144 A.
739 2080 965 2144 Codex
995 2078 1393 2144 Havnicnsis
1425 2081 1641 2162 regius
1678 2078 1863 2160 1965,
1908 2078 2073 2144 liber
2101 2079 2735 2164 praestantissimus.=
2774 2078 3002 2142 Varie·

438 2193 638 2248 tatem
681 2181 977 2246 lectionis
1024 2203 1063 2242 a
1106 2181 1190 2243 D.
1240 2179 1318 2244 O.
1367 2178 1632 2243 Blochio
1677 2189 2004 2244 enotatam
2050 2179 2348 2264 vulgavit
2390 2180 2474 2245 G.
2510 2178 2892 2245 Dindorfius
2939 2179 3009 2241 in

440 2285 802 2349 Grammat.
849 2281 1082 2347 Graec.
1130 2280 1162 2345 I
1206 2304 1264 2367 p.
1312 2280 1557 2345 XXIII
1601 2304 1663 2366 p.
1708 2282 1963 2347 48—70
2007 2282 2215 2368 (Lips.
2264 2282 2479 2366 1823).

608 2390 685 2450 Β.
773 2383 1202 2463 Parisiensis,
1259 2384 1368 2467 qui
1427 2379 1597 2445 inter
1649 2384 1866 2466 regios
1924 2393 2300 2447 numeratur
2351 2384 2537 2449 2603.
2634 2382 3008 2469 Scripturae

443 2484 943 2572 discrepantiam
997 2484 1291 2549 enotavit
1345 2483 1701 2568 Gregorius
1762 2483 2172 2568 Georgiades
2227 2484 2551 2570 Zalykius
2595 2483 3008 2548 Thessaloni-

444 2612 670 2656 censis,
2276 2609 2279 2610 ’

614 2694 676 2754 C.
764 2687 1156 2777 Parisiensis
1205 2677 1382 2750 ‘2102
1437 2686 1600 2752 liber
1653 2685 2035 2751 vilissimus
2133 2686 2241 2751 Ex
2293 2710 2370 2751 eo
2428 2687 2783 2752 Arcadium
2839 2710 3008 2752 anno

450 2792 611 2856 1816
653 2792 900 2880 primus
945 2789 1391 2875 transscripsit
1434 2789 1874 2873 GeorgiadeS,
1935 2790 2118 2852 cuius
2175 2789 2621 2877 apographum
2667 2793 2751 2856 ab
2795 2790 2874 2854 E.
2921 2788 3008 2853 H.

445 2892 741 2959 Barkero
807 2892 889 2956 ad
957 2892 1039 2957 Gr.
1098 2890 1185 2955 H.
1243 2890 1665 2955 Schaeferum
1738 2913 1906 2957 anno
1977 2891 2133 2955 1821
2203 2890 2497 2978 Lipsiam
2558 2893 3012 2956 transmissum

446 3005 748 3059 accurate
797 3015 1178 3080 expressum
1232 3003 1333 3056 est
1386 2994 1456 3055 in
1509 2992 1794 3058 editione
1851 2991 2141 3079 principe
2187 2993 2388 3078 (apud
2434 2993 2802 3058 Gerardum
2844 2992 3012 3057 Flei-

447 3098 742 3161 seherum
793 3096 973 3160 1823.
1020 3094 1110 3178 8).

618 3196 981 3261 Havniensi
1027 3194 1390 3260 simillimus
1435 3194 1603 3262 liber
1646 3195 1769 3261 sub
1814 3195 2171 3261 Theodosii
2215 3196 2474 3261 nomine
2530 3220 2571 3261 a
2613 3220 2804 3263 manu
2847 3199 3013 3263 Con-

448 3299 719 3363 stantini
749 3297 1049 3363 Lascaris
1096 3298 1459 3384 descriptus
1506 3309 1607 3361 est
1648 3298 1718 3360 in
1745 3297 2120 3362 Matritensi
2162 3296 2584 3363 bibliotheca:
2634 3300 2768 3365 vid.
2802 3300 3010 3366 Catal.

447 3401 684 3465 Iriarte
727 3423 791 3486 p.
840 3400 954 3463 141
1001 3411 1068 3464 et
1108 3399 1188 3464 G.
1225 3398 1556 3483 Uhligium
1595 3402 1661 3463 in
1703 3400 1874 3464 MuS.
1916 3396 2124 3463 Rhen.
2167 3398 2378 3463 XXII
2423 3414 2488 3486 p.
2525 3400 2671 3466 297.

617 3501 885 3566 Praeter
928 3501 1042 3565 hos
1087 3501 1284 3564 totius
1333 3502 1642 3587 epitomes
1676 3499 1931 3566 codices
1963 3501 2276 3565 habemus
2310 3501 2635 3587 epitomen
2667 3503 2819 3570 libri
2848 3505 3018 3569 XVI

451 3626 537 3668 ex
581 3603 900 3684 Arcadio,
948 3624 1136 3688 quem
1183 3601 1620 3667 Theodosium
1666 3601 1854 3684 dicit,
1910 3625 1952 3666 a
1995 3603 2428 3669 Constantino
2471 3604 2743 3669 Lascari
2798 3629 3017 3671 excer-

451 3715 661 3792 ptam,
719 3727 886 3791 quae
938 3704 1270 3769 invenitur
1323 3704 1388 3767 in
1444 3705 1698 3770 duobus
1753 3703 2120 3785 codicibuS‚
2165 3705 2540 3770 Matritensi
2582 3729 2709 3771 uno
2755 3707 3018 3792 (Iriarte

451 3833 519 3895 p.
569 3808 686 3872 189
731 3806 941 3893 seqq.)
987 3805 1190 3870 altero
1235 3806 1746 3891 Hamburgensi‚
1803 3828 1838 3869 e
1893 3827 2019 3891 quo
2076 3829 2198 3892 ope
2244 3806 2539 3872 Classeni
2593 3809 2769 3873 edita
2823 3822 2923 3875 est
2979 3832 3020 3874 a

453 3933 557 3974 me
600 3910 669 3972 in
712 3906 946 3971 Philol.
992 3907 1237 3973 XXIII
1283 3932 1344 3995 p.
1383 3909 1507 3972 164
1550 3930 1729 3995 seqq.
1812 3908 1919 3970 De
1962 3907 2085 3971 hac
2128 3909 2408 3995 epitome
2453 3932 2618 3997 quae
2662 3911 2819 3975 mihi
2864 3912 3019 3975 scri-

455 4012 589 4098 psit
642 4002 849 4074 literis
904 4009 990 4074 20
1043 4009 1407 4095 Septembr.
1469 4009 1632 4074 1865
1688 4010 1860 4073 datis
1916 4008 2258 4092 Lehrsius,
2314 4010 2421 4075 hic
2478 4011 2625 4076 ideo
2678 4012 2854 4099 typis
2911 4035 3019 4077 ex-

455 4111 799 4200 primenda
840 4132 1030 4188 curo,
1087 4120 1163 4175 ut
1202 4110 1334 4173 iam
1379 4110 1524 4193 diu,
1570 4113 1922 4197 antequam
1963 4111 2314 4175 Eduardus
2359 4112 2647 4178 Hillerus
2705 4114 2773 4177 in
2829 4136 3020 4201 quae-

457 4214 777 4280 stionibus
842 4211 1274 4276 Herodianeis
1349 4212 1561 4276 fusius
1635 4234 1849 4276 meum
1925 4233 2209 4279 errorem
2285 4215 2623 4299 redarguit
2642 4264 2660 4297 ‚
2727 4238 2767 4279 a
2838 4238 3021 4303 prae-

459 4326 725 4403 ceptore
767 4335 908 4378 meo
964 4336 1068 4378 me
1122 4312 1490 4378 humaniter
1545 4311 1842 4378 edoctum
1885 4336 2027 4377 esse
2090 4311 2336 4379 clareat
2358 4315 2451 4403 *):
2501 4317 2783 4399 „Quid‘?
2841 4328 3024 4382 estne

461 4415 773 4482 credibile
817 4416 1149 4481 Lascarim
1204 4414 1462 4502 plenam
1507 4412 1910 4478 Catholicam
1952 4424 2103 4478 ante
2159 4414 2377 4480 oculos
2420 4417 2729 4483 habuisse
2773 4429 2839 4484 et
2883 4441 3024 4483 eam

463 4530 602 4583 tum
657 4518 916 4582 demum
968 4516 1358 4582 evanuisse?
1415 4527 1481 4581 et
1546 4537 1627 4580 ex
1695 4526 1830 4579 tam
1883 4537 2119 4601 magno
2170 4526 2431 4605 tamque
2497 4520 2708 4607 amplo
2775 4531 2840 4584 et
2903 4520 3026 4584 diti

602 4774 655 4835 ³⁸)
692 4775 913 4825 Literas
947 4773 1244 4825 vernacule
1281 4775 1520 4839 scriptas
1557 4776 1613 4823 in
1639 4773 1898 4823 Latinum
1920 4788 2217 4823 sermonem
2244 4776 2532 4840 transtuli,
2570 4775 2753 4827 colore
2793 4776 3028 4835 dicendi,

467 4850 531 4893 ut
566 4845 773 4905 sentio,
809 4859 916 4892 non
952 4858 1172 4907 prorsus
1207 4849 1444 4893 servato,

2548 4929 2631 4990 e*
