<?xml version="1.0" encoding="UTF-8"?>
<!DOCTYPE html PUBLIC "-//W3C//DTD XHTML 1.0 Transitional//EN"
    "http://www.w3.org/TR/xhtml1/DTD/xhtml1-transitional.dtd">
<html xmlns="http://www.w3.org/1999/xhtml" xml:lang="en" lang="en">
 <head>
  <title>
</title>
<meta http-equiv="Content-Type" content="text/html;charset=utf-8" />
  <meta name='ocr-system' content='tesseract 3.04.00' />
  <meta name='ocr-capabilities' content='ocr_page ocr_carea ocr_par ocr_line ocrx_word'/>
</head>
<body>
  <div class='ocr_page' id='page_1' title='image "./grammaticigraec02unkngoog_0807.png"; bbox 0 0 3664 5546; ppageno 0'>
   <div class='ocr_carea' id='block_1_1' title="bbox 970 319 3106 385">
    <p class='ocr_par' dir='ltr' id='par_1_1' title="bbox 970 319 3106 385">
     <span class='ocr_line' id='line_1_1' title="bbox 970 319 3106 385; baseline -0.003 -4"><span class='ocrx_word' id='word_1_1' title='bbox 970 327 1389 383; x_wconf 76' lang='grc' dir='ltr'>ΠΡΟΕΩιΔΙΑ(</span> <span class='ocrx_word' id='word_1_2' title='bbox 1425 328 1566 383; x_wconf 75' lang='grc' dir='ltr'>ΤΗ(</span> <span class='ocrx_word' id='word_1_3' title='bbox 1606 327 1788 383; x_wconf 89' lang='grc' dir='ltr'>ΚΑΤΑ</span> <span class='ocrx_word' id='word_1_4' title='bbox 1827 324 2179 381; x_wconf 77' lang='grc' dir='ltr'>(ΥΝΤΑΞΙΝ</span> <span class='ocrx_word' id='word_1_5' title='bbox 2221 324 2361 378; x_wconf 88' lang='grc' dir='ltr'>ΤΩΝ</span> <span class='ocrx_word' id='word_1_6' title='bbox 2398 322 2680 379; x_wconf 87' lang='grc' dir='ltr'>ΛΕΞΕΩΝ.</span> <span class='ocrx_word' id='word_1_7' title='bbox 2984 319 3106 385; x_wconf 82' lang='grc'>561</span> 
     </span>
    </p>
   </div>
   <div class='ocr_carea' id='block_1_2' title="bbox 535 491 3234 2513">
    <p class='ocr_par' dir='ltr' id='par_1_2' title="bbox 535 491 3234 2513">
     <span class='ocr_line' id='line_1_2' title="bbox 537 491 3109 583; baseline -0.001 -23"><span class='ocrx_word' id='word_1_8' title='bbox 537 495 616 578; x_wconf 94' lang='grc' dir='ltr'>(Α</span> <span class='ocrx_word' id='word_1_9' title='bbox 663 493 844 581; x_wconf 80' lang='grc'>128),</span> <span class='ocrx_word' id='word_1_10' title='bbox 887 503 976 582; x_wconf 82' lang='grc' dir='ltr'>πῇ</span> <span class='ocrx_word' id='word_1_11' title='bbox 1023 504 1149 582; x_wconf 81' lang='grc' dir='ltr'>«πῇ</span> <span class='ocrx_word' id='word_1_12' title='bbox 1194 498 1449 578; x_wconf 82' lang='grc' dir='ltr'>ἦλθες;»</span> <span class='ocrx_word' id='word_1_13' title='bbox 1505 504 1593 583; x_wconf 82' lang='grc' dir='ltr'>πῇ</span> <span class='ocrx_word' id='word_1_14' title='bbox 1641 496 1848 567; x_wconf 87' lang='grc' dir='ltr'>«ἀλλά</span> <span class='ocrx_word' id='word_1_15' title='bbox 1896 518 1985 581; x_wconf 90' lang='grc' dir='ltr'>πῃ</span> <span class='ocrx_word' id='word_1_16' title='bbox 2031 495 2232 580; x_wconf 81' lang='grc' dir='ltr'>ἄλλῃ»</span> <span class='ocrx_word' id='word_1_17' title='bbox 2282 493 2351 577; x_wconf 87' lang='grc' dir='ltr'>(γ</span> <span class='ocrx_word' id='word_1_18' title='bbox 2393 491 2576 576; x_wconf 83' lang='grc'>251),</span> <span class='ocrx_word' id='word_1_19' title='bbox 2620 494 2823 557; x_wconf 86' lang='grc' dir='ltr'>πόθεν</span> <span class='ocrx_word' id='word_1_20' title='bbox 2867 492 3109 557; x_wconf 80' lang='grc' dir='ltr'>«πόθεν</span> 
     </span>
     <span class='ocr_line' id='line_1_3' title="bbox 535 592 3113 684; baseline -0.003 -21"><span class='ocrx_word' id='word_1_21' title='bbox 535 599 763 679; x_wconf 75' lang='grc' dir='ltr'>ἦλθες»</span> <span class='ocrx_word' id='word_1_22' title='bbox 779 648 797 682; x_wconf 91' lang='grc'>,</span> <span class='ocrx_word' id='word_1_23' title='bbox 843 600 1044 665; x_wconf 86' lang='grc' dir='ltr'>ποθέν</span> <span class='ocrx_word' id='word_1_24' title='bbox 1090 601 1229 666; x_wconf 83' lang='grc' dir='ltr'>«καί</span> <span class='ocrx_word' id='word_1_25' title='bbox 1272 607 1475 666; x_wconf 86' lang='grc' dir='ltr'>ποθεν</span> <span class='ocrx_word' id='word_1_26' title='bbox 1519 601 1804 684; x_wconf 81' lang='grc' dir='ltr'>ἐλθών»,</span> <span class='ocrx_word' id='word_1_27' title='bbox 1857 605 1997 664; x_wconf 85' lang='grc' dir='ltr'>πῶς</span> <span class='ocrx_word' id='word_1_28' title='bbox 2042 602 2222 663; x_wconf 81' lang='grc' dir='ltr'>«πῶς</span> <span class='ocrx_word' id='word_1_29' title='bbox 2276 596 2548 678; x_wconf 78' lang='grc' dir='ltr'>ἦλθεν»,</span> <span class='ocrx_word' id='word_1_30' title='bbox 2604 601 2747 659; x_wconf 86' lang='grc' dir='ltr'>πῶς</span> <span class='ocrx_word' id='word_1_31' title='bbox 2791 592 2974 658; x_wconf 77' lang='grc' dir='ltr'>«ἀλλ’</span> <span class='ocrx_word' id='word_1_32' title='bbox 3032 593 3113 657; x_wconf 83' lang='grc' dir='ltr'>οὔ</span> 
     </span>
     <span class='ocr_line' id='line_1_4' title="bbox 536 693 3109 786; baseline -0.003 -20"><span class='ocrx_word' id='word_1_33' title='bbox 536 723 674 768; x_wconf 86' lang='grc' dir='ltr'>πως</span> <span class='ocrx_word' id='word_1_34' title='bbox 729 702 857 781; x_wconf 86' lang='grc' dir='ltr'>ἅμα</span> <span class='ocrx_word' id='word_1_35' title='bbox 899 703 1151 767; x_wconf 85' lang='grc' dir='ltr'>πάντα»</span> <span class='ocrx_word' id='word_1_36' title='bbox 1199 702 1291 785; x_wconf 90' lang='grc' dir='ltr'>(Δ</span> <span class='ocrx_word' id='word_1_37' title='bbox 1338 701 1492 786; x_wconf 82' lang='lat'>320)</span> <span class='ocrx_word' id='word_1_38' title='bbox 1546 704 1650 767; x_wconf 82' lang='grc' dir='ltr'>καὶ</span> <span class='ocrx_word' id='word_1_39' title='bbox 1704 703 1900 781; x_wconf 75' lang='grc' dir='ltr'>χωρὶς</span> <span class='ocrx_word' id='word_1_40' title='bbox 1952 704 2069 765; x_wconf 82' lang='grc' dir='ltr'>τοῦ</span> <span class='ocrx_word' id='word_1_41' title='bbox 2127 702 2161 765; x_wconf 76' lang='grc' dir='ltr'>Ξ</span> <span class='ocrx_word' id='word_1_42' title='bbox 2217 700 2412 780; x_wconf 82' lang='grc' dir='ltr'>«μηδέ</span> <span class='ocrx_word' id='word_1_43' title='bbox 2466 720 2572 763; x_wconf 88' lang='grc' dir='ltr'>πω</span> <span class='ocrx_word' id='word_1_44' title='bbox 2626 696 2744 763; x_wconf 78' lang='grc' dir='ltr'>ὑπ’</span> <span class='ocrx_word' id='word_1_45' title='bbox 2799 693 3109 777; x_wconf 77' lang='grc' dir='ltr'>ὄχεςφιν»</span> 
     </span>
     <span class='ocr_line' id='line_1_5' title="bbox 706 902 3172 987; baseline -0.003 -17"><span class='ocrx_word' id='word_1_46' title='bbox 706 906 806 970; x_wconf 83' lang='grc' dir='ltr'>Ἐκ</span> <span class='ocrx_word' id='word_1_47' title='bbox 850 907 922 971; x_wconf 78' lang='grc' dir='ltr'>δὲ</span> <span class='ocrx_word' id='word_1_48' title='bbox 967 907 1325 986; x_wconf 81' lang='grc' dir='ltr'>ςυνδέςμων</span> <span class='ocrx_word' id='word_1_49' title='bbox 1351 906 1658 986; x_wconf 81' lang='grc' dir='ltr'>ἐγείρουςι</span> <span class='ocrx_word' id='word_1_50' title='bbox 1700 907 1819 985; x_wconf 88' lang='grc' dir='ltr'>τὴν</span> <span class='ocrx_word' id='word_1_51' title='bbox 1860 905 1990 983; x_wconf 88' lang='grc' dir='ltr'>πρὸ</span> <span class='ocrx_word' id='word_1_52' title='bbox 2022 903 2237 969; x_wconf 85' lang='grc' dir='ltr'>αὑτῶν</span> <span class='ocrx_word' id='word_1_53' title='bbox 2266 902 2405 968; x_wconf 82' lang='grc' dir='ltr'>οἶδε</span> <span class='ocrx_word' id='word_1_54' title='bbox 2421 953 2440 987; x_wconf 94' lang='grc'>,</span> <span class='ocrx_word' id='word_1_55' title='bbox 2486 903 2554 967; x_wconf 83' lang='grc' dir='ltr'>ἐκ</span> <span class='ocrx_word' id='word_1_56' title='bbox 2585 904 2699 981; x_wconf 80' lang='grc' dir='ltr'>μὲν</span> <span class='ocrx_word' id='word_1_57' title='bbox 2744 904 3109 980; x_wconf 84' lang='grc' dir='ltr'>ςυμπλεκτι-</span> <span class='ocrx_word' id='word_1_58' title='bbox 3140 911 3172 960; x_wconf 83' lang='grc'>5</span> 
     </span>
     <span class='ocr_line' id='line_1_6' title="bbox 538 1004 3115 1091; baseline -0.002 -19"><span class='ocrx_word' id='word_1_59' title='bbox 538 1011 704 1091; x_wconf 82' lang='grc' dir='ltr'>κῶν,</span> <span class='ocrx_word' id='word_1_60' title='bbox 764 1009 844 1072; x_wconf 79' lang='grc' dir='ltr'>τέ</span> <span class='ocrx_word' id='word_1_61' title='bbox 901 1011 1047 1074; x_wconf 75' lang='grc' dir='ltr'>«καί</span> <span class='ocrx_word' id='word_1_62' title='bbox 1102 1030 1171 1074; x_wconf 89' lang='grc' dir='ltr'>τε</span> <span class='ocrx_word' id='word_1_63' title='bbox 1226 1010 1365 1074; x_wconf 78' lang='grc' dir='ltr'>θεοὶ</span> <span class='ocrx_word' id='word_1_64' title='bbox 1417 1008 1710 1076; x_wconf 84' lang='grc' dir='ltr'>ξείνοιςι»</span> <span class='ocrx_word' id='word_1_65' title='bbox 1757 1006 1825 1089; x_wconf 92' lang='grc' dir='ltr'>(ρ</span> <span class='ocrx_word' id='word_1_66' title='bbox 1869 1005 2058 1089; x_wconf 89' lang='grc'>485),</span> <span class='ocrx_word' id='word_1_67' title='bbox 2115 1007 2247 1071; x_wconf 85' lang='grc' dir='ltr'>κέν</span> <span class='ocrx_word' id='word_1_68' title='bbox 2305 1006 2444 1070; x_wconf 81' lang='grc' dir='ltr'>«καί</span> <span class='ocrx_word' id='word_1_69' title='bbox 2486 1025 2596 1070; x_wconf 85' lang='grc' dir='ltr'>κεν</span> <span class='ocrx_word' id='word_1_70' title='bbox 2640 1004 3115 1083; x_wconf 78' lang='grc' dir='ltr'>ἐλαφρότερος»</span> 
     </span>
     <span class='ocr_line' id='line_1_7' title="bbox 543 1107 3119 1196; baseline -0.002 -22"><span class='ocrx_word' id='word_1_71' title='bbox 543 1110 626 1191; x_wconf 91' lang='grc' dir='ltr'>(Χ</span> <span class='ocrx_word' id='word_1_72' title='bbox 670 1108 861 1196; x_wconf 81' lang='grc'>287),</span> <span class='ocrx_word' id='word_1_73' title='bbox 905 1112 986 1176; x_wconf 86' lang='grc' dir='ltr'>κέ</span> <span class='ocrx_word' id='word_1_74' title='bbox 1032 1112 1174 1175; x_wconf 86' lang='grc' dir='ltr'>«καί</span> <span class='ocrx_word' id='word_1_75' title='bbox 1215 1132 1286 1176; x_wconf 86' lang='grc' dir='ltr'>κε</span> <span class='ocrx_word' id='word_1_76' title='bbox 1329 1112 1404 1176; x_wconf 86' lang='grc' dir='ltr'>τὸ</span> <span class='ocrx_word' id='word_1_77' title='bbox 1451 1111 1838 1192; x_wconf 80' lang='grc' dir='ltr'>βουλοίμην»</span> <span class='ocrx_word' id='word_1_78' title='bbox 1887 1108 1958 1191; x_wconf 92' lang='grc' dir='ltr'>(Γ</span> <span class='ocrx_word' id='word_1_79' title='bbox 1995 1107 2143 1191; x_wconf 88' lang='grc'>41),</span> <span class='ocrx_word' id='word_1_80' title='bbox 2187 1107 2256 1172; x_wconf 82' lang='grc' dir='ltr'>ἐκ</span> <span class='ocrx_word' id='word_1_81' title='bbox 2300 1109 2371 1172; x_wconf 77' lang='grc' dir='ltr'>δὲ</span> <span class='ocrx_word' id='word_1_82' title='bbox 2414 1108 3119 1188; x_wconf 85' lang='grc' dir='ltr'>παραπληρωματικῶν,</span> 
     </span>
     <span class='ocr_line' id='line_1_8' title="bbox 540 1207 3121 1297; baseline -0.003 -19"><span class='ocrx_word' id='word_1_83' title='bbox 540 1213 661 1279; x_wconf 89' lang='grc' dir='ltr'>τοί</span> <span class='ocrx_word' id='word_1_84' title='bbox 710 1215 972 1294; x_wconf 75' lang='grc' dir='ltr'>«τοίγαρ</span> <span class='ocrx_word' id='word_1_85' title='bbox 1018 1214 1146 1289; x_wconf 82' lang='grc' dir='ltr'>ἐγώ</span> <span class='ocrx_word' id='word_1_86' title='bbox 1187 1235 1328 1278; x_wconf 76' lang='grc' dir='ltr'>τοι»</span> <span class='ocrx_word' id='word_1_87' title='bbox 1376 1212 1447 1297; x_wconf 93' lang='grc' dir='ltr'>(α</span> <span class='ocrx_word' id='word_1_88' title='bbox 1474 1211 1663 1296; x_wconf 84' lang='grc'>214),</span> <span class='ocrx_word' id='word_1_89' title='bbox 1706 1211 1792 1287; x_wconf 86' lang='grc' dir='ltr'>γέ</span> <span class='ocrx_word' id='word_1_90' title='bbox 1841 1209 2040 1287; x_wconf 81' lang='grc' dir='ltr'>«εἴγε</span> <span class='ocrx_word' id='word_1_91' title='bbox 2086 1211 2199 1289; x_wconf 80' lang='grc' dir='ltr'>μὲν</span> <span class='ocrx_word' id='word_1_92' title='bbox 2244 1210 2491 1293; x_wconf 75' lang='grc' dir='ltr'>ᾔδεις»,</span> <span class='ocrx_word' id='word_1_93' title='bbox 2534 1209 2675 1287; x_wconf 87' lang='grc' dir='ltr'>τάρ</span> <span class='ocrx_word' id='word_1_94' title='bbox 2722 1207 2822 1273; x_wconf 82' lang='grc' dir='ltr'>«εἴ</span> <span class='ocrx_word' id='word_1_95' title='bbox 2849 1228 2966 1287; x_wconf 92' lang='grc' dir='ltr'>ταρ</span> <span class='ocrx_word' id='word_1_96' title='bbox 3011 1207 3121 1284; x_wconf 81' lang='grc' dir='ltr'>ὅγ’</span> 
     </span>
     <span class='ocr_line' id='line_1_9' title="bbox 542 1310 3122 1399; baseline -0.003 -18"><span class='ocrx_word' id='word_1_97' title='bbox 542 1316 869 1395; x_wconf 79' lang='grc' dir='ltr'>εὐχωλῆς»</span> <span class='ocrx_word' id='word_1_98' title='bbox 929 1314 1008 1399; x_wconf 90' lang='grc' dir='ltr'>(Α</span> <span class='ocrx_word' id='word_1_99' title='bbox 1049 1313 1196 1398; x_wconf 88' lang='grc'>65),</span> <span class='ocrx_word' id='word_1_100' title='bbox 1261 1315 1350 1379; x_wconf 88' lang='grc' dir='ltr'>νύ</span> <span class='ocrx_word' id='word_1_101' title='bbox 1406 1315 1529 1393; x_wconf 88' lang='grc' dir='ltr'>«μή</span> <span class='ocrx_word' id='word_1_102' title='bbox 1592 1314 1670 1379; x_wconf 85' lang='grc' dir='ltr'>νύ</span> <span class='ocrx_word' id='word_1_103' title='bbox 1727 1334 1827 1377; x_wconf 93' lang='grc' dir='ltr'>τοι</span> <span class='ocrx_word' id='word_1_104' title='bbox 1886 1311 1966 1376; x_wconf 85' lang='grc' dir='ltr'>οὐ</span> <span class='ocrx_word' id='word_1_105' title='bbox 2021 1312 2287 1395; x_wconf 84' lang='grc' dir='ltr'>χραίςμῃ</span> <span class='ocrx_word' id='word_1_106' title='bbox 2354 1315 2670 1390; x_wconf 86' lang='grc' dir='ltr'>ςκῆπτρον</span> <span class='ocrx_word' id='word_1_107' title='bbox 2731 1311 2833 1375; x_wconf 80' lang='grc' dir='ltr'>καὶ</span> <span class='ocrx_word' id='word_1_108' title='bbox 2892 1310 3122 1388; x_wconf 90' lang='grc' dir='ltr'>ςτέμμα</span> 
     </span>
     <span class='ocr_line' id='line_1_10' title="bbox 543 1410 3225 1501; baseline -0.003 -19"><span class='ocrx_word' id='word_1_109' title='bbox 543 1420 763 1483; x_wconf 79' lang='grc' dir='ltr'>θεοῖο»</span> <span class='ocrx_word' id='word_1_110' title='bbox 813 1415 893 1499; x_wconf 89' lang='grc' dir='ltr'>(Α</span> <span class='ocrx_word' id='word_1_111' title='bbox 922 1415 1066 1501; x_wconf 84' lang='grc'>28),</span> <span class='ocrx_word' id='word_1_112' title='bbox 1113 1416 1255 1480; x_wconf 82' lang='grc' dir='ltr'>νύν</span> <span class='ocrx_word' id='word_1_113' title='bbox 1305 1417 1538 1495; x_wconf 83' lang='grc' dir='ltr'>«δεῦρό</span> <span class='ocrx_word' id='word_1_114' title='bbox 1580 1436 1698 1481; x_wconf 92' lang='grc' dir='ltr'>νυν</span> <span class='ocrx_word' id='word_1_115' title='bbox 1741 1416 1782 1492; x_wconf 86' lang='grc' dir='ltr'>ἢ</span> <span class='ocrx_word' id='word_1_116' title='bbox 1826 1414 2172 1492; x_wconf 79' lang='grc' dir='ltr'>τρίποδος»</span> <span class='ocrx_word' id='word_1_117' title='bbox 2221 1412 2309 1494; x_wconf 81' lang='grc' dir='ltr'>(Ψ</span> <span class='ocrx_word' id='word_1_118' title='bbox 2350 1411 2540 1497; x_wconf 89' lang='grc'>485),</span> <span class='ocrx_word' id='word_1_119' title='bbox 2582 1433 2725 1493; x_wconf 88' lang='grc' dir='ltr'>περ</span> <span class='ocrx_word' id='word_1_120' title='bbox 2772 1412 2969 1492; x_wconf 75' lang='grc' dir='ltr'>«μηδ’</span> <span class='ocrx_word' id='word_1_121' title='bbox 3013 1410 3121 1476; x_wconf 78' lang='grc' dir='ltr'>οὕ·</span> <span class='ocrx_word' id='word_1_122' title='bbox 3163 1419 3225 1469; x_wconf 87' lang='lat'>10</span> 
     </span>
     <span class='ocr_line' id='line_1_11' title="bbox 546 1511 3125 1602; baseline -0.003 -19"><span class='ocrx_word' id='word_1_123' title='bbox 546 1540 673 1584; x_wconf 91' lang='grc' dir='ltr'>τως</span> <span class='ocrx_word' id='word_1_124' title='bbox 716 1518 955 1594; x_wconf 86' lang='grc' dir='ltr'>ἀγαθός</span> <span class='ocrx_word' id='word_1_125' title='bbox 998 1538 1120 1596; x_wconf 89' lang='grc' dir='ltr'>περ</span> <span class='ocrx_word' id='word_1_126' title='bbox 1163 1517 1332 1581; x_wconf 81' lang='grc' dir='ltr'>ἐών»</span> <span class='ocrx_word' id='word_1_127' title='bbox 1381 1515 1460 1599; x_wconf 92' lang='grc' dir='ltr'>(Α</span> <span class='ocrx_word' id='word_1_128' title='bbox 1494 1516 1676 1602; x_wconf 84' lang='grc'>131),</span> <span class='ocrx_word' id='word_1_129' title='bbox 1722 1517 1863 1594; x_wconf 85' lang='grc' dir='ltr'>θήν</span> <span class='ocrx_word' id='word_1_130' title='bbox 1913 1515 2032 1579; x_wconf 82' lang='grc' dir='ltr'>«οὔ</span> <span class='ocrx_word' id='word_1_131' title='bbox 2078 1520 2196 1593; x_wconf 88' lang='grc' dir='ltr'>θην</span> <span class='ocrx_word' id='word_1_132' title='bbox 2239 1515 2488 1594; x_wconf 83' lang='grc' dir='ltr'>Ἕκτορι</span> <span class='ocrx_word' id='word_1_133' title='bbox 2531 1515 2780 1579; x_wconf 84' lang='grc' dir='ltr'>πάντα»</span> <span class='ocrx_word' id='word_1_134' title='bbox 2827 1513 2906 1597; x_wconf 88' lang='grc' dir='ltr'>(Κ</span> <span class='ocrx_word' id='word_1_135' title='bbox 2950 1511 3125 1596; x_wconf 88' lang='grc'>104),</span> 
     </span>
     <span class='ocr_line' id='line_1_12' title="bbox 548 1615 3127 1701; baseline -0.002 -17"><span class='ocrx_word' id='word_1_136' title='bbox 548 1620 639 1699; x_wconf 84' lang='grc' dir='ltr'>ῥά</span> <span class='ocrx_word' id='word_1_137' title='bbox 685 1617 913 1684; x_wconf 80' lang='grc' dir='ltr'>«ἄλλοι</span> <span class='ocrx_word' id='word_1_138' title='bbox 960 1619 1075 1698; x_wconf 86' lang='grc' dir='ltr'>μέν</span> <span class='ocrx_word' id='word_1_139' title='bbox 1121 1617 1202 1698; x_wconf 79' lang='grc' dir='ltr'>ῥα</span> <span class='ocrx_word' id='word_1_140' title='bbox 1245 1619 1381 1683; x_wconf 87' lang='grc' dir='ltr'>θεοί</span> <span class='ocrx_word' id='word_1_141' title='bbox 1423 1639 1532 1683; x_wconf 75' lang='grc' dir='ltr'>τε»</span> <span class='ocrx_word' id='word_1_142' title='bbox 1582 1618 1659 1700; x_wconf 88' lang='grc' dir='ltr'>(Β</span> <span class='ocrx_word' id='word_1_143' title='bbox 1709 1618 1792 1701; x_wconf 94' lang='grc'>1).</span> <span class='ocrx_word' id='word_1_144' title='bbox 1861 1617 1900 1681; x_wconf 85' lang='grc' dir='ltr'>ὁ</span> <span class='ocrx_word' id='word_1_145' title='bbox 1945 1619 2016 1681; x_wconf 77' lang='grc' dir='ltr'>δὲ</span> <span class='ocrx_word' id='word_1_146' title='bbox 2061 1616 2184 1695; x_wconf 84' lang='grc' dir='ltr'>ἄρα</span> <span class='ocrx_word' id='word_1_147' title='bbox 2228 1617 2308 1681; x_wconf 84' lang='grc' dir='ltr'>οὐ</span> <span class='ocrx_word' id='word_1_148' title='bbox 2352 1616 2941 1699; x_wconf 85' lang='grc' dir='ltr'>παραλαμβάνεται,</span> <span class='ocrx_word' id='word_1_149' title='bbox 2987 1615 3127 1679; x_wconf 80' lang='grc' dir='ltr'>ἐπεὶ</span> 
     </span>
     <span class='ocr_line' id='line_1_13' title="bbox 546 1717 3125 1801; baseline -0.002 -14"><span class='ocrx_word' id='word_1_150' title='bbox 546 1723 676 1788; x_wconf 86' lang='grc' dir='ltr'>ἀπὸ</span> <span class='ocrx_word' id='word_1_151' title='bbox 736 1722 1113 1801; x_wconf 86' lang='grc' dir='ltr'>φωνήεντος</span> <span class='ocrx_word' id='word_1_152' title='bbox 1168 1719 1440 1801; x_wconf 85' lang='grc' dir='ltr'>ἄρχεται.</span> <span class='ocrx_word' id='word_1_153' title='bbox 1528 1720 1738 1799; x_wconf 88' lang='grc' dir='ltr'>ὥςπερ</span> <span class='ocrx_word' id='word_1_154' title='bbox 1791 1719 1917 1798; x_wconf 84' lang='grc' dir='ltr'>γὰρ</span> <span class='ocrx_word' id='word_1_155' title='bbox 1974 1718 2036 1783; x_wconf 87' lang='grc' dir='ltr'>αἱ</span> <span class='ocrx_word' id='word_1_156' title='bbox 2080 1717 2466 1797; x_wconf 87' lang='grc' dir='ltr'>ἀντωνυμίαι</span> <span class='ocrx_word' id='word_1_157' title='bbox 2518 1720 2594 1784; x_wconf 87' lang='grc' dir='ltr'>τὸ</span> <span class='ocrx_word' id='word_1_158' title='bbox 2647 1719 2791 1784; x_wconf 77' lang='grc' dir='ltr'>κατ’</span> <span class='ocrx_word' id='word_1_159' title='bbox 2834 1718 3035 1798; x_wconf 83' lang='grc' dir='ltr'>ἀρχὰς</span> <span class='ocrx_word' id='word_1_160' title='bbox 3089 1720 3125 1781; x_wconf 77' lang='grc' dir='ltr'>ἒ</span> 
     </span>
     <span class='ocr_line' id='line_1_14' title="bbox 548 1820 3122 1906; baseline -0.002 -16"><span class='ocrx_word' id='word_1_161' title='bbox 548 1824 1028 1906; x_wconf 89' lang='grc' dir='ltr'>ἀποβάλλουςαι</span> <span class='ocrx_word' id='word_1_162' title='bbox 1074 1823 1412 1900; x_wconf 83' lang='grc' dir='ltr'>ἐγκλιτικαὶ</span> <span class='ocrx_word' id='word_1_163' title='bbox 1449 1823 1774 1906; x_wconf 85' lang='grc' dir='ltr'>ἐγίνοντο,</span> <span class='ocrx_word' id='word_1_164' title='bbox 1832 1822 1991 1903; x_wconf 80' lang='grc' dir='ltr'>ἐμοῦ</span> <span class='ocrx_word' id='word_1_165' title='bbox 2031 1856 2118 1868; x_wconf 92' lang='grc'><strong>-</strong></span> <span class='ocrx_word' id='word_1_166' title='bbox 2162 1823 2316 1903; x_wconf 87' lang='grc' dir='ltr'>μοῦ,</span> <span class='ocrx_word' id='word_1_167' title='bbox 2372 1820 2509 1899; x_wconf 84' lang='grc' dir='ltr'>ἐμοί</span> <span class='ocrx_word' id='word_1_168' title='bbox 2561 1856 2647 1868; x_wconf 94' lang='grc'><strong>-</strong></span> <span class='ocrx_word' id='word_1_169' title='bbox 2700 1821 2836 1904; x_wconf 91' lang='grc' dir='ltr'>μοί,</span> <span class='ocrx_word' id='word_1_170' title='bbox 2889 1820 2998 1900; x_wconf 86' lang='grc' dir='ltr'>ἐμέ</span> <span class='ocrx_word' id='word_1_171' title='bbox 3039 1856 3122 1868; x_wconf 89' lang='grc'>-</span> 
     </span>
     <span class='ocr_line' id='line_1_15' title="bbox 552 1920 3227 2010; baseline -0.004 -18"><span class='ocrx_word' id='word_1_172' title='bbox 552 1928 658 2010; x_wconf 85' lang='grc' dir='ltr'>μέ,</span> <span class='ocrx_word' id='word_1_173' title='bbox 703 1926 875 1992; x_wconf 82' lang='grc' dir='ltr'>οὕτω</span> <span class='ocrx_word' id='word_1_174' title='bbox 918 1926 995 1990; x_wconf 85' lang='grc' dir='ltr'>τὸ</span> <span class='ocrx_word' id='word_1_175' title='bbox 1040 1924 1164 2004; x_wconf 86' lang='grc' dir='ltr'>ἄρα</span> <span class='ocrx_word' id='word_1_176' title='bbox 1207 1925 1489 2005; x_wconf 84' lang='grc' dir='ltr'>ἀπέβαλε</span> <span class='ocrx_word' id='word_1_177' title='bbox 1533 1926 1609 1990; x_wconf 86' lang='grc' dir='ltr'>τὸ</span> <span class='ocrx_word' id='word_1_178' title='bbox 1654 1927 1695 1987; x_wconf 72' lang='lat' dir='ltr'><strong>d</strong></span> <span class='ocrx_word' id='word_1_179' title='bbox 1737 1925 1842 1988; x_wconf 87' lang='grc' dir='ltr'>καὶ</span> <span class='ocrx_word' id='word_1_180' title='bbox 1884 1923 2143 2000; x_wconf 82' lang='grc' dir='ltr'>ἐγένετο</span> <span class='ocrx_word' id='word_1_181' title='bbox 2189 1920 2271 2001; x_wconf 79' lang='grc' dir='ltr'>ῥά</span> <span class='ocrx_word' id='word_1_182' title='bbox 2313 1923 2417 1987; x_wconf 88' lang='grc' dir='ltr'>καὶ</span> <span class='ocrx_word' id='word_1_183' title='bbox 2460 1921 2760 2001; x_wconf 84' lang='grc' dir='ltr'>ἐνεκλίθη.</span> <span class='ocrx_word' id='word_1_184' title='bbox 3165 1930 3227 1982; x_wconf 84' lang='grc'>15</span> 
     </span>
     <span class='ocr_line' id='line_1_16' title="bbox 723 2024 3127 2108; baseline -0.002 -15"><span class='ocrx_word' id='word_1_185' title='bbox 723 2028 819 2093; x_wconf 86' lang='grc' dir='ltr'>Τὰ</span> <span class='ocrx_word' id='word_1_186' title='bbox 863 2029 982 2108; x_wconf 79' lang='grc' dir='ltr'>μὲν</span> <span class='ocrx_word' id='word_1_187' title='bbox 1028 2025 1150 2092; x_wconf 82' lang='grc' dir='ltr'>οὖν</span> <span class='ocrx_word' id='word_1_188' title='bbox 1195 2026 1610 2106; x_wconf 84' lang='grc' dir='ltr'>έγκλινόμενα</span> <span class='ocrx_word' id='word_1_189' title='bbox 1666 2027 1855 2107; x_wconf 89' lang='grc' dir='ltr'>μόρια</span> <span class='ocrx_word' id='word_1_190' title='bbox 1896 2026 2094 2090; x_wconf 84' lang='grc' dir='ltr'>ταῦτά</span> <span class='ocrx_word' id='word_1_191' title='bbox 2138 2024 2329 2089; x_wconf 82' lang='grc' dir='ltr'>ἐςτιν·</span> <span class='ocrx_word' id='word_1_192' title='bbox 2375 2024 2495 2102; x_wconf 84' lang='grc' dir='ltr'>οὐχ</span> <span class='ocrx_word' id='word_1_193' title='bbox 2550 2024 2640 2089; x_wconf 83' lang='grc' dir='ltr'>ὡς</span> <span class='ocrx_word' id='word_1_194' title='bbox 2686 2024 2868 2102; x_wconf 87' lang='grc' dir='ltr'>ἔτυχε</span> <span class='ocrx_word' id='word_1_195' title='bbox 2912 2025 2983 2089; x_wconf 81' lang='grc' dir='ltr'>δὲ</span> <span class='ocrx_word' id='word_1_196' title='bbox 3027 2024 3127 2102; x_wconf 82' lang='grc' dir='ltr'>ἐγ-</span> 
     </span>
     <span class='ocr_line' id='line_1_17' title="bbox 553 2125 3129 2212; baseline -0.001 -18"><span class='ocrx_word' id='word_1_197' title='bbox 553 2129 906 2212; x_wconf 82' lang='grc' dir='ltr'>κλίνονται,</span> <span class='ocrx_word' id='word_1_198' title='bbox 952 2126 1117 2193; x_wconf 88' lang='grc' dir='ltr'>ἀλλὰ</span> <span class='ocrx_word' id='word_1_199' title='bbox 1160 2129 1318 2193; x_wconf 84' lang='grc' dir='ltr'>κατά</span> <span class='ocrx_word' id='word_1_200' title='bbox 1361 2149 1519 2193; x_wconf 75' lang='grc' dir='ltr'>τινα·</span> <span class='ocrx_word' id='word_1_201' title='bbox 1549 2129 1980 2206; x_wconf 88' lang='grc' dir='ltr'>παρατήρηςιν</span> <span class='ocrx_word' id='word_1_202' title='bbox 2022 2129 2135 2203; x_wconf 90' lang='grc' dir='ltr'>τῆς</span> <span class='ocrx_word' id='word_1_203' title='bbox 2176 2126 2304 2204; x_wconf 89' lang='grc' dir='ltr'>πρὸ</span> <span class='ocrx_word' id='word_1_204' title='bbox 2349 2125 2565 2190; x_wconf 85' lang='grc' dir='ltr'>αὐτῶν</span> <span class='ocrx_word' id='word_1_205' title='bbox 2604 2126 2846 2193; x_wconf 80' lang='grc' dir='ltr'>λέξεως.</span> <span class='ocrx_word' id='word_1_206' title='bbox 2908 2125 2972 2189; x_wconf 79' lang='grc' dir='ltr'>αἱ</span> <span class='ocrx_word' id='word_1_207' title='bbox 3016 2129 3129 2205; x_wconf 79' lang='grc' dir='ltr'>μὲν</span> 
     </span>
     <span class='ocr_line' id='line_1_18' title="bbox 553 2228 3129 2309; baseline -0.001 -13"><span class='ocrx_word' id='word_1_208' title='bbox 553 2230 673 2296; x_wconf 84' lang='grc' dir='ltr'>οὖν</span> <span class='ocrx_word' id='word_1_209' title='bbox 716 2230 1136 2309; x_wconf 85' lang='grc' dir='ltr'>τετράχρονοι</span> <span class='ocrx_word' id='word_1_210' title='bbox 1177 2237 1311 2295; x_wconf 88' lang='grc' dir='ltr'>τῶν</span> <span class='ocrx_word' id='word_1_211' title='bbox 1357 2230 1724 2305; x_wconf 84' lang='grc' dir='ltr'>ἐγκλιτικῶν</span> <span class='ocrx_word' id='word_1_212' title='bbox 1768 2228 1873 2292; x_wconf 81' lang='grc' dir='ltr'>ἐπὶ</span> <span class='ocrx_word' id='word_1_213' title='bbox 1914 2229 2031 2306; x_wconf 84' lang='grc' dir='ltr'>τὴν</span> <span class='ocrx_word' id='word_1_214' title='bbox 2073 2228 2336 2305; x_wconf 86' lang='grc' dir='ltr'>πρώτην</span> <span class='ocrx_word' id='word_1_215' title='bbox 2367 2229 2683 2307; x_wconf 89' lang='grc' dir='ltr'>ςυλλαβὴν</span> <span class='ocrx_word' id='word_1_216' title='bbox 2723 2228 2970 2292; x_wconf 82' lang='grc' dir='ltr'>ἑαυτῶν</span> <span class='ocrx_word' id='word_1_217' title='bbox 3012 2230 3129 2307; x_wconf 85' lang='grc' dir='ltr'>τὴν</span> 
     </span>
     <span class='ocr_line' id='line_1_19' title="bbox 552 2329 3130 2412; baseline -0.001 -15"><span class='ocrx_word' id='word_1_218' title='bbox 552 2332 826 2409; x_wconf 85' lang='grc' dir='ltr'>ἔγκλιςιν</span> <span class='ocrx_word' id='word_1_219' title='bbox 883 2331 1397 2412; x_wconf 83' lang='grc' dir='ltr'>ἀναπέμπουςιν,</span> <span class='ocrx_word' id='word_1_220' title='bbox 1464 2331 1556 2394; x_wconf 82' lang='grc' dir='ltr'>ὡς</span> <span class='ocrx_word' id='word_1_221' title='bbox 1609 2332 1940 2409; x_wconf 86' lang='grc' dir='ltr'>μηδεμιᾶς·</span> <span class='ocrx_word' id='word_1_222' title='bbox 1966 2329 2241 2408; x_wconf 87' lang='grc' dir='ltr'>δεόμενα</span> <span class='ocrx_word' id='word_1_223' title='bbox 2291 2330 2783 2409; x_wconf 87' lang='grc' dir='ltr'>παρατηρήςεως</span> <span class='ocrx_word' id='word_1_224' title='bbox 2837 2332 2949 2406; x_wconf 85' lang='grc' dir='ltr'>τῆς</span> <span class='ocrx_word' id='word_1_225' title='bbox 3002 2332 3130 2407; x_wconf 85' lang='grc' dir='ltr'>πρὸ</span> 
     </span>
     <span class='ocr_line' id='line_1_20' title="bbox 553 2430 3234 2513; baseline -0.002 -15"><span class='ocrx_word' id='word_1_226' title='bbox 553 2435 768 2498; x_wconf 84' lang='grc' dir='ltr'>αὐτῶν</span> <span class='ocrx_word' id='word_1_227' title='bbox 829 2433 1058 2498; x_wconf 82' lang='grc' dir='ltr'>λέξεως</span> <span class='ocrx_word' id='word_1_228' title='bbox 1116 2431 1432 2510; x_wconf 82' lang='grc' dir='ltr'>«ἤκουςαν</span> <span class='ocrx_word' id='word_1_229' title='bbox 1484 2431 1698 2513; x_wconf 82' lang='grc' dir='ltr'>ἤμων,</span> <span class='ocrx_word' id='word_1_230' title='bbox 1752 2431 2002 2496; x_wconf 88' lang='grc' dir='ltr'>ἔδωκαν</span> <span class='ocrx_word' id='word_1_231' title='bbox 2059 2431 2282 2513; x_wconf 79' lang='grc' dir='ltr'>ἥμιν»,</span> <span class='ocrx_word' id='word_1_232' title='bbox 2347 2431 2565 2510; x_wconf 85' lang='grc' dir='ltr'>ἐπειδὴ</span> <span class='ocrx_word' id='word_1_233' title='bbox 2622 2430 2938 2496; x_wconf 82' lang='grc' dir='ltr'>οὐδέποτε</span> <span class='ocrx_word' id='word_1_234' title='bbox 3003 2432 3131 2510; x_wconf 83' lang='grc' dir='ltr'>πρὸ</span> <span class='ocrx_word' id='word_1_235' title='bbox 3168 2442 3234 2493; x_wconf 75' lang='lat'>20</span> 
     </span>
    </p>
   </div>
   <div class='ocr_carea' id='block_1_3' title="bbox 556 2587 953 2594">
    <p class='ocr_par' dir='ltr' id='par_1_3' title="bbox 556 2587 953 2594">
     <span class='ocr_line' id='line_1_21' title="bbox 556 2587 953 2594; baseline 0 0"><span class='ocrx_word' id='word_1_236' title='bbox 556 2587 953 2594; x_wconf 95' lang='lat' dir='ltr'> </span> 
     </span>
    </p>
   </div>
   <div class='ocr_carea' id='block_1_4' title="bbox 475 2684 3139 4859">
    <p class='ocr_par' dir='ltr' id='par_1_4' title="bbox 475 2684 3139 4859">
     <span class='ocr_line' id='line_1_22' title="bbox 553 2684 3136 2753; baseline 0 -17"><span class='ocrx_word' id='word_1_237' title='bbox 553 2686 968 2751; x_wconf 77' lang='lat' dir='ltr'><strong>interrogativis</strong></span> <span class='ocrx_word' id='word_1_238' title='bbox 1003 2701 1122 2736; x_wconf 85' lang='lat' dir='ltr'><strong>eum</strong></span> <span class='ocrx_word' id='word_1_239' title='bbox 1159 2684 1422 2750; x_wconf 83' lang='lat' dir='ltr'><strong>exemplo,</strong></span> <span class='ocrx_word' id='word_1_240' title='bbox 1530 2685 1565 2738; x_wconf 94' lang='grc'>1.</span> <span class='ocrx_word' id='word_1_241' title='bbox 1605 2688 1636 2736; x_wconf 88' lang='lat'>8</span> <span class='ocrx_word' id='word_1_242' title='bbox 1670 2699 1757 2738; x_wconf 83' lang='grc' dir='ltr'>τοι</span> <span class='ocrx_word' id='word_1_243' title='bbox 1794 2685 1984 2735; x_wconf 81' lang='lat' dir='ltr'><strong>addidi</strong></span> <span class='ocrx_word' id='word_1_244' title='bbox 2030 2701 2095 2735; x_wconf 85' lang='lat' dir='ltr'><strong>ex</strong></span> <span class='ocrx_word' id='word_1_245' title='bbox 2131 2686 2354 2748; x_wconf 84' lang='lat' dir='ltr'><strong>Aread.‚</strong></span> <span class='ocrx_word' id='word_1_246' title='bbox 2393 2685 2697 2752; x_wconf 85' lang='lat' dir='ltr'><strong>exemplum</strong></span> <span class='ocrx_word' id='word_1_247' title='bbox 2740 2687 2858 2753; x_wconf 77' lang='lat' dir='ltr'><strong>ipse</strong></span> <span class='ocrx_word' id='word_1_248' title='bbox 2903 2687 3136 2753; x_wconf 72' lang='lat' dir='ltr'><strong>apposui</strong></span> 
     </span>
     <span class='ocr_line' id='line_1_23' title="bbox 555 2751 3139 2820; baseline -0 -14"><span class='ocrx_word' id='word_1_249' title='bbox 555 2770 624 2806; x_wconf 87' lang='lat' dir='ltr'><strong>ex</strong></span> <span class='ocrx_word' id='word_1_250' title='bbox 656 2754 756 2806; x_wconf 87' lang='lat' dir='ltr'>Od.</span> <span class='ocrx_word' id='word_1_251' title='bbox 793 2782 858 2790; x_wconf 89' lang='lat'>—</span> <span class='ocrx_word' id='word_1_252' title='bbox 893 2753 930 2807; x_wconf 91' lang='lat'>1.</span> <span class='ocrx_word' id='word_1_253' title='bbox 969 2754 1032 2804; x_wconf 89' lang='lat'>10</span> <span class='ocrx_word' id='word_1_254' title='bbox 1067 2761 1193 2819; x_wconf 81' lang='lat' dir='ltr'><strong>post</strong></span> <span class='ocrx_word' id='word_1_255' title='bbox 1226 2752 1331 2804; x_wconf 87' lang='grc' dir='ltr'>νύν</span> <span class='ocrx_word' id='word_1_256' title='bbox 1369 2753 1555 2818; x_wconf 82' lang='lat' dir='ltr'>expuli</span> <span class='ocrx_word' id='word_1_257' title='bbox 1589 2755 1701 2806; x_wconf 84' lang='grc' dir='ltr'>ποῦ</span> <span class='ocrx_word' id='word_1_258' title='bbox 1740 2770 1862 2804; x_wconf 82' lang='lat' dir='ltr'><strong>enm</strong></span> <span class='ocrx_word' id='word_1_259' title='bbox 1899 2753 2147 2820; x_wconf 83' lang='lat' dir='ltr'><strong>exemplo</strong></span> <span class='ocrx_word' id='word_1_260' title='bbox 2184 2751 2234 2806; x_wconf 80' lang='grc' dir='ltr'>εἴ</span> <span class='ocrx_word' id='word_1_261' title='bbox 2269 2768 2382 2806; x_wconf 89' lang='grc' dir='ltr'>που</span> <span class='ocrx_word' id='word_1_262' title='bbox 2409 2752 2795 2818; x_wconf 86' lang='grc' dir='ltr'>παγκαλόωςι,</span> <span class='ocrx_word' id='word_1_263' title='bbox 2834 2770 2960 2805; x_wconf 84' lang='lat' dir='ltr'>nam</span> <span class='ocrx_word' id='word_1_264' title='bbox 2995 2756 3139 2806; x_wconf 73' lang='lat' dir='ltr'><strong>sieut</strong></span> 
     </span>
     <span class='ocr_line' id='line_1_24' title="bbox 555 2821 3135 2889; baseline 0 -16"><span class='ocrx_word' id='word_1_265' title='bbox 555 2839 646 2888; x_wconf 82' lang='lat' dir='ltr'>ap.</span> <span class='ocrx_word' id='word_1_266' title='bbox 681 2823 876 2873; x_wconf 82' lang='lat' dir='ltr'><strong>Aread.</strong></span> <span class='ocrx_word' id='word_1_267' title='bbox 918 2825 1031 2885; x_wconf 82' lang='lat'>139,</span> <span class='ocrx_word' id='word_1_268' title='bbox 1076 2824 1134 2871; x_wconf 84' lang='lat'>14</span> <span class='ocrx_word' id='word_1_269' title='bbox 1171 2824 1268 2873; x_wconf 84' lang='grc' dir='ltr'>ποῖ</span> <span class='ocrx_word' id='word_1_270' title='bbox 1305 2821 1550 2872; x_wconf 87' lang='lat' dir='ltr'><strong>additum</strong></span> <span class='ocrx_word' id='word_1_271' title='bbox 1589 2827 1677 2873; x_wconf 83' lang='lat' dir='ltr'>est</span> <span class='ocrx_word' id='word_1_272' title='bbox 1711 2823 2214 2884; x_wconf 71' lang='lat' dir='ltr'><strong>coniunctionibu8‚</strong></span> <span class='ocrx_word' id='word_1_273' title='bbox 2253 2824 2332 2874; x_wconf 85' lang='lat' dir='ltr'>sic</span> <span class='ocrx_word' id='word_1_274' title='bbox 2355 2840 2443 2889; x_wconf 84' lang='lat' dir='ltr'>ap.</span> <span class='ocrx_word' id='word_1_275' title='bbox 2481 2823 2657 2876; x_wconf 87' lang='lat' dir='ltr'><strong>Bekk.</strong></span> <span class='ocrx_word' id='word_1_276' title='bbox 2685 2825 2824 2888; x_wconf 82' lang='grc' dir='ltr'>ποῦ,</span> <span class='ocrx_word' id='word_1_277' title='bbox 2863 2824 2962 2874; x_wconf 76' lang='lat' dir='ltr'><strong>sed</strong></span> <span class='ocrx_word' id='word_1_278' title='bbox 2998 2823 3135 2874; x_wconf 83' lang='lat' dir='ltr'><strong>haec</strong></span> 
     </span>
     <span class='ocr_line' id='line_1_25' title="bbox 556 2889 3136 2956; baseline 0.001 -16"><span class='ocrx_word' id='word_1_279' title='bbox 556 2895 611 2940; x_wconf 83' lang='lat' dir='ltr'>et</span> <span class='ocrx_word' id='word_1_280' title='bbox 647 2889 847 2941; x_wconf 79' lang='lat' dir='ltr'><strong>similia</strong></span> <span class='ocrx_word' id='word_1_281' title='bbox 884 2890 1182 2952; x_wconf 81' lang='lat' dir='ltr'><strong>voeabula,</strong></span> <span class='ocrx_word' id='word_1_282' title='bbox 1221 2905 1544 2955; x_wconf 77' lang='lat' dir='ltr'><strong>quamquam</strong></span> <span class='ocrx_word' id='word_1_283' title='bbox 1571 2891 1735 2940; x_wconf 83' lang='lat' dir='ltr'><strong>Char.</strong></span> <span class='ocrx_word' id='word_1_284' title='bbox 1759 2906 1845 2956; x_wconf 79' lang='lat' dir='ltr'>ap.</span> <span class='ocrx_word' id='word_1_285' title='bbox 1873 2890 2050 2943; x_wconf 84' lang='lat' dir='ltr'><strong>Bekk.</strong></span> <span class='ocrx_word' id='word_1_286' title='bbox 2081 2893 2209 2942; x_wconf 86' lang='grc'>1155</span> <span class='ocrx_word' id='word_1_287' title='bbox 2247 2891 2438 2941; x_wconf 81' lang='lat' dir='ltr'><strong>tradit:</strong></span> <span class='ocrx_word' id='word_1_288' title='bbox 2475 2889 2657 2942; x_wconf 82' lang='grc' dir='ltr'>ταῦτά</span> <span class='ocrx_word' id='word_1_289' title='bbox 2689 2905 2840 2942; x_wconf 89' lang='grc' dir='ltr'>τινες</span> <span class='ocrx_word' id='word_1_290' title='bbox 2863 2891 2934 2942; x_wconf 87' lang='grc' dir='ltr'>τὰ</span> <span class='ocrx_word' id='word_1_291' title='bbox 2972 2905 3136 2954; x_wconf 85' lang='grc' dir='ltr'>μονο-</span> 
     </span>
     <span class='ocr_line' id='line_1_26' title="bbox 556 2955 3137 3023; baseline 0 -14"><span class='ocrx_word' id='word_1_292' title='bbox 556 2958 798 3022; x_wconf 85' lang='grc' dir='ltr'>ςύλλαβα</span> <span class='ocrx_word' id='word_1_293' title='bbox 822 2957 925 3023; x_wconf 80' lang='lat' dir='ltr'><strong>(ec.</strong></span> <span class='ocrx_word' id='word_1_294' title='bbox 952 2958 1077 3008; x_wconf 85' lang='grc' dir='ltr'>πῶς</span> <span class='ocrx_word' id='word_1_295' title='bbox 1103 2959 1195 3008; x_wconf 87' lang='grc' dir='ltr'>πῶ</span> <span class='ocrx_word' id='word_1_296' title='bbox 1223 2972 1265 3008; x_wconf 89' lang='grc' dir='ltr'>π</span> <span class='ocrx_word' id='word_1_297' title='bbox 1306 2956 1328 3021; x_wconf 92' lang='grc'>)</span> <span class='ocrx_word' id='word_1_298' title='bbox 1354 2957 1446 3007; x_wconf 82' lang='grc' dir='ltr'>καὶ</span> <span class='ocrx_word' id='word_1_299' title='bbox 1468 2956 1538 3008; x_wconf 93' lang='grc' dir='ltr'>τὸ</span> <span class='ocrx_word' id='word_1_300' title='bbox 1564 2955 1696 3008; x_wconf 82' lang='grc' dir='ltr'>ποθί</span> <span class='ocrx_word' id='word_1_301' title='bbox 1722 2957 1921 3020; x_wconf 82' lang='grc' dir='ltr'>ἔλεγον</span> <span class='ocrx_word' id='word_1_302' title='bbox 1948 2957 2278 3021; x_wconf 89' lang='grc' dir='ltr'>ςυνδέςμους</span> <span class='ocrx_word' id='word_1_303' title='bbox 2306 2961 2492 3010; x_wconf 82' lang='grc' dir='ltr'>κακῶς</span> <span class='ocrx_word' id='word_1_304' title='bbox 2519 2958 2610 3009; x_wconf 80' lang='grc' dir='ltr'>καὶ</span> <span class='ocrx_word' id='word_1_305' title='bbox 2636 2957 2977 3023; x_wconf 84' lang='grc' dir='ltr'>Ἡρωδιανὸς</span> <span class='ocrx_word' id='word_1_306' title='bbox 3003 2973 3105 3023; x_wconf 89' lang='grc' dir='ltr'>μετ</span> <span class='ocrx_word' id='word_1_307' title='bbox 3122 2959 3137 2977; x_wconf 84' lang='grc'><strong><em>’</em></strong></span> 
     </span>
     <span class='ocr_line' id='line_1_27' title="bbox 557 3022 3136 3090; baseline 0.001 -14"><span class='ocrx_word' id='word_1_308' title='bbox 557 3024 781 3090; x_wconf 86' lang='grc' dir='ltr'>αὐτῶν,</span> <span class='ocrx_word' id='word_1_309' title='bbox 821 3022 1204 3077; x_wconf 85' lang='grc' dir='ltr'>Ἀπολλώνιος</span> <span class='ocrx_word' id='word_1_310' title='bbox 1240 3025 1272 3076; x_wconf 90' lang='grc' dir='ltr'>δ</span> <span class='ocrx_word' id='word_1_311' title='bbox 1337 3024 1399 3075; x_wconf 78' lang='grc' dir='ltr'>ἐν</span> <span class='ocrx_word' id='word_1_312' title='bbox 1424 3024 1624 3076; x_wconf 87' lang='grc' dir='ltr'>πλάτει</span> <span class='ocrx_word' id='word_1_313' title='bbox 1660 3026 1848 3077; x_wconf 84' lang='grc' dir='ltr'>καλῶς</span> <span class='ocrx_word' id='word_1_314' title='bbox 1883 3024 2185 3090; x_wconf 85' lang='grc' dir='ltr'>ἀνατρέπει</span> <span class='ocrx_word' id='word_1_315' title='bbox 2208 3025 2381 3090; x_wconf 85' lang='grc' dir='ltr'>αὐτά,</span> <span class='ocrx_word' id='word_1_316' title='bbox 2419 3042 2526 3077; x_wconf 88' lang='lat' dir='ltr'>non</span> <span class='ocrx_word' id='word_1_317' title='bbox 2551 3029 2698 3077; x_wconf 85' lang='lat' dir='ltr'><strong>inter</strong></span> <span class='ocrx_word' id='word_1_318' title='bbox 2721 3028 3136 3079; x_wconf 78' lang='lat' dir='ltr'><strong>coniunctiones</strong></span> 
     </span>
     <span class='ocr_line' id='line_1_28' title="bbox 554 3093 3131 3161; baseline 0.001 -17"><span class='ocrx_word' id='word_1_319' title='bbox 554 3095 623 3144; x_wconf 87' lang='lat' dir='ltr'>ab</span> <span class='ocrx_word' id='word_1_320' title='bbox 660 3094 981 3144; x_wconf 77' lang='lat' dir='ltr'><strong>Herodiano</strong></span> <span class='ocrx_word' id='word_1_321' title='bbox 1017 3100 1301 3144; x_wconf 85' lang='lat' dir='ltr'><strong>numerata</strong></span> <span class='ocrx_word' id='word_1_322' title='bbox 1338 3108 1459 3145; x_wconf 81' lang='lat' dir='ltr'><strong>esse</strong></span> <span class='ocrx_word' id='word_1_323' title='bbox 1497 3094 1742 3144; x_wconf 79' lang='lat' dir='ltr'><strong>ostendit</strong></span> <span class='ocrx_word' id='word_1_324' title='bbox 1775 3096 1855 3144; x_wconf 91' lang='lat'>10.</span> <span class='ocrx_word' id='word_1_325' title='bbox 1885 3093 1969 3145; x_wconf 86' lang='lat' dir='ltr'>Al.</span> <span class='ocrx_word' id='word_1_326' title='bbox 1993 3096 2084 3157; x_wconf 84' lang='lat'>31,</span> <span class='ocrx_word' id='word_1_327' title='bbox 2122 3098 2152 3144; x_wconf 90' lang='grc'>2</span> <span class='ocrx_word' id='word_1_328' title='bbox 2190 3097 2269 3161; x_wconf 78' lang='grc' dir='ltr'>πῇ</span> <span class='ocrx_word' id='word_1_329' title='bbox 2309 3096 2419 3146; x_wconf 80' lang='grc' dir='ltr'>ποῦ</span> <span class='ocrx_word' id='word_1_330' title='bbox 2447 3096 2571 3146; x_wconf 84' lang='grc' dir='ltr'>πῶς</span> <span class='ocrx_word' id='word_1_331' title='bbox 2609 3095 2814 3146; x_wconf 78' lang='lat' dir='ltr'><strong>diserte</strong></span> <span class='ocrx_word' id='word_1_332' title='bbox 2850 3093 3131 3160; x_wconf 84' lang='grc' dir='ltr'>ἀοριςτού-</span> 
     </span>
     <span class='ocr_line' id='line_1_29' title="bbox 557 3160 3132 3230; baseline 0.001 -17"><span class='ocrx_word' id='word_1_333' title='bbox 557 3175 696 3225; x_wconf 86' lang='grc' dir='ltr'>μενα</span> <span class='ocrx_word' id='word_1_334' title='bbox 733 3160 1082 3226; x_wconf 80' lang='grc' dir='ltr'>ἐπιρρήματα</span> <span class='ocrx_word' id='word_1_335' title='bbox 1119 3162 1332 3223; x_wconf 83' lang='lat' dir='ltr'><strong>dieens;</strong></span> <span class='ocrx_word' id='word_1_336' title='bbox 1368 3162 1512 3211; x_wconf 87' lang='lat' dir='ltr'><strong>unde</strong></span> <span class='ocrx_word' id='word_1_337' title='bbox 1549 3169 1698 3212; x_wconf 86' lang='lat' dir='ltr'><strong>certo</strong></span> <span class='ocrx_word' id='word_1_338' title='bbox 1735 3161 1988 3212; x_wconf 81' lang='lat' dir='ltr'><strong>concludi</strong></span> <span class='ocrx_word' id='word_1_339' title='bbox 2024 3168 2207 3227; x_wconf 77' lang='lat' dir='ltr'><strong>potest</strong></span> <span class='ocrx_word' id='word_1_340' title='bbox 2242 3162 2569 3226; x_wconf 78' lang='lat' dir='ltr'><strong>Characem,</strong></span> <span class='ocrx_word' id='word_1_341' title='bbox 2616 3163 2674 3212; x_wconf 90' lang='lat' dir='ltr'>id</span> <span class='ocrx_word' id='word_1_342' title='bbox 2721 3164 2867 3228; x_wconf 86' lang='lat' dir='ltr'><strong>quod</strong></span> <span class='ocrx_word' id='word_1_343' title='bbox 2910 3164 3132 3230; x_wconf 80' lang='lat' dir='ltr'><strong>saepius</strong></span> 
     </span>
     <span class='ocr_line' id='line_1_30' title="bbox 554 3230 3133 3311; baseline 0.001 -31"><span class='ocrx_word' id='word_1_344' title='bbox 554 3232 610 3280; x_wconf 90' lang='lat' dir='ltr'>in</span> <span class='ocrx_word' id='word_1_345' title='bbox 656 3230 1113 3311; x_wconf 80' lang='lat' dir='ltr'><strong>epitomatoribus</strong></span> <span class='ocrx_word' id='word_1_346' title='bbox 1158 3230 1465 3280; x_wconf 85' lang='lat' dir='ltr'><strong>Herodiani</strong></span> <span class='ocrx_word' id='word_1_347' title='bbox 1507 3230 1950 3281; x_wconf 83' lang='lat' dir='ltr'><strong>animadvertere</strong></span> <span class='ocrx_word' id='word_1_348' title='bbox 1997 3230 2159 3292; x_wconf 83' lang='lat' dir='ltr'><strong>lieet,</strong></span> <span class='ocrx_word' id='word_1_349' title='bbox 2213 3231 2584 3282; x_wconf 86' lang='lat' dir='ltr'><strong>Herodianum</strong></span> <span class='ocrx_word' id='word_1_350' title='bbox 2637 3231 3003 3297; x_wconf 80' lang='lat' dir='ltr'><strong>neglegenter</strong></span> <span class='ocrx_word' id='word_1_351' title='bbox 3053 3233 3133 3282; x_wconf 89' lang='lat' dir='ltr'>in·</span> 
     </span>
     <span class='ocr_line' id='line_1_31' title="bbox 555 3297 3132 3366; baseline 0.001 -18"><span class='ocrx_word' id='word_1_352' title='bbox 555 3313 802 3363; x_wconf 76' lang='lat' dir='ltr'><strong>spexiese</strong></span> <span class='ocrx_word' id='word_1_353' title='bbox 847 3305 907 3350; x_wconf 86' lang='lat' dir='ltr'>et</span> <span class='ocrx_word' id='word_1_354' title='bbox 952 3298 1098 3363; x_wconf 86' lang='lat' dir='ltr'><strong>quod</strong></span> <span class='ocrx_word' id='word_1_355' title='bbox 1145 3299 1380 3350; x_wconf 78' lang='lat' dir='ltr'><strong>fortasse</strong></span> <span class='ocrx_word' id='word_1_356' title='bbox 1424 3298 1515 3348; x_wconf 91' lang='lat' dir='ltr'><strong>ille</strong></span> <span class='ocrx_word' id='word_1_357' title='bbox 1571 3314 1692 3348; x_wconf 86' lang='lat' dir='ltr'><strong>eum</strong></span> <span class='ocrx_word' id='word_1_358' title='bbox 1735 3297 2028 3365; x_wconf 84' lang='lat' dir='ltr'><strong>Apollonio</strong></span> <span class='ocrx_word' id='word_1_359' title='bbox 2074 3303 2267 3349; x_wconf 82' lang='lat' dir='ltr'><strong>eontra</strong></span> <span class='ocrx_word' id='word_1_360' title='bbox 2304 3315 2425 3361; x_wconf 76' lang='lat' dir='ltr'><strong>eos,</strong></span> <span class='ocrx_word' id='word_1_361' title='bbox 2474 3299 2565 3364; x_wconf 89' lang='lat' dir='ltr'>qui</span> <span class='ocrx_word' id='word_1_362' title='bbox 2610 3298 2739 3349; x_wconf 81' lang='lat' dir='ltr'><strong>illas</strong></span> <span class='ocrx_word' id='word_1_363' title='bbox 2772 3301 2998 3351; x_wconf 77' lang='lat' dir='ltr'><strong>voculae</strong></span> <span class='ocrx_word' id='word_1_364' title='bbox 3034 3316 3132 3366; x_wconf 87' lang='lat' dir='ltr'><strong>pro</strong></span> 
     </span>
     <span class='ocr_line' id='line_1_32' title="bbox 554 3365 3131 3432; baseline 0 -15"><span class='ocrx_word' id='word_1_365' title='bbox 554 3367 1028 3418; x_wconf 79' lang='lat' dir='ltr'><strong>coniunctionibus</strong></span> <span class='ocrx_word' id='word_1_366' title='bbox 1062 3366 1372 3428; x_wconf 79' lang='lat' dir='ltr'><strong>habebant,</strong></span> <span class='ocrx_word' id='word_1_367' title='bbox 1410 3365 1822 3432; x_wconf 82' lang='lat' dir='ltr'><strong>disputaverat,</strong></span> <span class='ocrx_word' id='word_1_368' title='bbox 1859 3367 1940 3417; x_wconf 81' lang='lat' dir='ltr'>ita</span> <span class='ocrx_word' id='word_1_369' title='bbox 1977 3367 2284 3432; x_wconf 81' lang='lat' dir='ltr'><strong>accepisse,</strong></span> <span class='ocrx_word' id='word_1_370' title='bbox 2334 3367 2492 3432; x_wconf 84' lang='lat' dir='ltr'><strong>quasi</strong></span> <span class='ocrx_word' id='word_1_371' title='bbox 2526 3367 2877 3418; x_wconf 79' lang='lat' dir='ltr'><strong>Herodianus</strong></span> <span class='ocrx_word' id='word_1_372' title='bbox 2914 3374 3131 3419; x_wconf 84' lang='lat' dir='ltr'><strong>senten·</strong></span> 
     </span>
     <span class='ocr_line' id='line_1_33' title="bbox 555 3434 3133 3501; baseline 0.001 -18"><span class='ocrx_word' id='word_1_373' title='bbox 555 3434 689 3484; x_wconf 86' lang='lat' dir='ltr'><strong>tiam</strong></span> <span class='ocrx_word' id='word_1_374' title='bbox 725 3436 795 3485; x_wconf 86' lang='lat' dir='ltr'>ab</span> <span class='ocrx_word' id='word_1_375' title='bbox 830 3436 952 3501; x_wconf 79' lang='lat' dir='ltr'><strong>ipso</strong></span> <span class='ocrx_word' id='word_1_376' title='bbox 992 3436 1336 3500; x_wconf 83' lang='lat' dir='ltr'><strong>reprobatam</strong></span> <span class='ocrx_word' id='word_1_377' title='bbox 1373 3434 1655 3499; x_wconf 78' lang='lat' dir='ltr'><strong>amplexus</strong></span> <span class='ocrx_word' id='word_1_378' title='bbox 1694 3439 1862 3487; x_wconf 80' lang='lat' dir='ltr'><strong>esset.</strong></span> <span class='ocrx_word' id='word_1_379' title='bbox 1921 3436 2100 3499; x_wconf 84' lang='lat' dir='ltr'><strong>Atque</strong></span> <span class='ocrx_word' id='word_1_380' title='bbox 2138 3437 2330 3500; x_wconf 86' lang='lat' dir='ltr'><strong>opinor</strong></span> <span class='ocrx_word' id='word_1_381' title='bbox 2353 3434 2726 3485; x_wconf 86' lang='lat' dir='ltr'><strong>Herodianum</strong></span> <span class='ocrx_word' id='word_1_382' title='bbox 2761 3436 2906 3486; x_wconf 87' lang='lat' dir='ltr'><strong>idem</strong></span> <span class='ocrx_word' id='word_1_383' title='bbox 2945 3436 3012 3485; x_wconf 87' lang='lat' dir='ltr'><strong>de</strong></span> <span class='ocrx_word' id='word_1_384' title='bbox 3047 3436 3133 3487; x_wconf 82' lang='lat' dir='ltr'>his</span> 
     </span>
     <span class='ocr_line' id='line_1_34' title="bbox 554 3500 3132 3567; baseline 0.001 -15"><span class='ocrx_word' id='word_1_385' title='bbox 554 3503 842 3554; x_wconf 80' lang='lat' dir='ltr'><strong>vocabulis</strong></span> <span class='ocrx_word' id='word_1_386' title='bbox 878 3503 1119 3555; x_wconf 77' lang='lat' dir='ltr'><strong>sensisse</strong></span> <span class='ocrx_word' id='word_1_387' title='bbox 1162 3507 1330 3566; x_wconf 86' lang='lat' dir='ltr'><strong>atque</strong></span> <span class='ocrx_word' id='word_1_388' title='bbox 1366 3501 1713 3567; x_wconf 87' lang='lat' dir='ltr'><strong>Apollonium</strong></span> <span class='ocrx_word' id='word_1_389' title='bbox 1759 3503 1825 3552; x_wconf 88' lang='lat' dir='ltr'><strong>de</strong></span> <span class='ocrx_word' id='word_1_390' title='bbox 1863 3503 2002 3552; x_wconf 83' lang='lat' dir='ltr'><strong>coni.</strong></span> <span class='ocrx_word' id='word_1_391' title='bbox 2039 3505 2164 3553; x_wconf 80' lang='lat'>513:</span> <span class='ocrx_word' id='word_1_392' title='bbox 2211 3501 2337 3554; x_wconf 84' lang='grc' dir='ltr'>ἀλλ’</span> <span class='ocrx_word' id='word_1_393' title='bbox 2381 3500 2514 3553; x_wconf 82' lang='grc' dir='ltr'>οὐδὲ</span> <span class='ocrx_word' id='word_1_394' title='bbox 2558 3501 2627 3553; x_wconf 88' lang='grc' dir='ltr'>τὸ</span> <span class='ocrx_word' id='word_1_395' title='bbox 2674 3505 2786 3554; x_wconf 83' lang='grc' dir='ltr'>ποῦ</span> <span class='ocrx_word' id='word_1_396' title='bbox 2832 3502 3132 3567; x_wconf 85' lang='grc' dir='ltr'>ςύνδεςμός</span> 
     </span>
     <span class='ocr_line' id='line_1_35' title="bbox 558 3567 3132 3638; baseline 0.001 -17"><span class='ocrx_word' id='word_1_397' title='bbox 558 3569 671 3622; x_wconf 81' lang='grc' dir='ltr'>ἑςτι</span> <span class='ocrx_word' id='word_1_398' title='bbox 707 3569 1316 3635; x_wconf 87' lang='grc' dir='ltr'>παραπληρωματικός·</span> <span class='ocrx_word' id='word_1_399' title='bbox 1370 3569 1438 3621; x_wconf 84' lang='grc' dir='ltr'>οὐ</span> <span class='ocrx_word' id='word_1_400' title='bbox 1473 3568 1579 3635; x_wconf 84' lang='grc' dir='ltr'>γὰρ</span> <span class='ocrx_word' id='word_1_401' title='bbox 1613 3569 1682 3634; x_wconf 88' lang='grc' dir='ltr'>δή</span> <span class='ocrx_word' id='word_1_402' title='bbox 1719 3584 1785 3632; x_wconf 91' lang='grc' dir='ltr'>γε</span> <span class='ocrx_word' id='word_1_403' title='bbox 1818 3570 1891 3621; x_wconf 84' lang='grc' dir='ltr'>τὰ</span> <span class='ocrx_word' id='word_1_404' title='bbox 1927 3567 2316 3622; x_wconf 86' lang='grc' dir='ltr'>πλεονάςαντα</span> <span class='ocrx_word' id='word_1_405' title='bbox 2355 3569 2518 3634; x_wconf 85' lang='grc' dir='ltr'>μόρια</span> <span class='ocrx_word' id='word_1_406' title='bbox 2554 3569 2616 3621; x_wconf 83' lang='grc' dir='ltr'>ἐν</span> <span class='ocrx_word' id='word_1_407' title='bbox 2653 3570 2806 3638; x_wconf 86' lang='grc' dir='ltr'>λόγῳ</span> <span class='ocrx_word' id='word_1_408' title='bbox 2844 3570 3132 3635; x_wconf 89' lang='grc' dir='ltr'>ςύνδεςμοι</span> 
     </span>
     <span class='ocr_line' id='line_1_36' title="bbox 551 3635 3129 3704; baseline 0.001 -15"><span class='ocrx_word' id='word_1_409' title='bbox 551 3635 1145 3704; x_wconf 85' lang='grc' dir='ltr'>παραπληρωματικοί.</span> <span class='ocrx_word' id='word_1_410' title='bbox 1218 3636 1336 3690; x_wconf 85' lang='grc' dir='ltr'>ἰδοὺ</span> <span class='ocrx_word' id='word_1_411' title='bbox 1374 3637 1480 3703; x_wconf 83' lang='grc' dir='ltr'>γὰρ</span> <span class='ocrx_word' id='word_1_412' title='bbox 1516 3639 1607 3690; x_wconf 83' lang='grc' dir='ltr'>καὶ</span> <span class='ocrx_word' id='word_1_413' title='bbox 1642 3637 1786 3690; x_wconf 80' lang='grc' dir='ltr'>ἄλλα</span> <span class='ocrx_word' id='word_1_414' title='bbox 1822 3636 2173 3704; x_wconf 80' lang='grc' dir='ltr'>ἐπιρρήματα</span> <span class='ocrx_word' id='word_1_415' title='bbox 2209 3637 2472 3703; x_wconf 85' lang='grc' dir='ltr'>παρέλκει</span> <span class='ocrx_word' id='word_1_416' title='bbox 2508 3638 2599 3690; x_wconf 79' lang='grc' dir='ltr'>καὶ</span> <span class='ocrx_word' id='word_1_417' title='bbox 2635 3637 2703 3690; x_wconf 83' lang='grc' dir='ltr'>οὐ</span> <span class='ocrx_word' id='word_1_418' title='bbox 2740 3638 2973 3691; x_wconf 86' lang='grc' dir='ltr'>πάντως</span> <span class='ocrx_word' id='word_1_419' title='bbox 3010 3640 3129 3692; x_wconf 83' lang='grc' dir='ltr'>ςύν-</span> 
     </span>
     <span class='ocr_line' id='line_1_37' title="bbox 553 3705 3132 3773; baseline 0.001 -16"><span class='ocrx_word' id='word_1_420' title='bbox 553 3705 739 3770; x_wconf 87' lang='grc' dir='ltr'>δεςμοι</span> <span class='ocrx_word' id='word_1_421' title='bbox 785 3709 857 3760; x_wconf 83' lang='lat' dir='ltr'><strong>ef.</strong></span> <span class='ocrx_word' id='word_1_422' title='bbox 904 3725 954 3773; x_wconf 88' lang='lat' dir='ltr'>p.</span> <span class='ocrx_word' id='word_1_423' title='bbox 1004 3710 1132 3769; x_wconf 85' lang='grc'>525,</span> <span class='ocrx_word' id='word_1_424' title='bbox 1175 3709 1258 3758; x_wconf 85' lang='grc'>20.</span> <span class='ocrx_word' id='word_1_425' title='bbox 1314 3733 1376 3742; x_wconf 91' lang='grc'>-</span> <span class='ocrx_word' id='word_1_426' title='bbox 1434 3709 1517 3757; x_wconf 92' lang='lat' dir='ltr'><strong>De</strong></span> <span class='ocrx_word' id='word_1_427' title='bbox 1574 3705 1708 3759; x_wconf 87' lang='grc' dir='ltr'>ποθί</span> <span class='ocrx_word' id='word_1_428' title='bbox 1754 3706 1823 3757; x_wconf 82' lang='lat' dir='ltr'><strong>ef.</strong></span> <span class='ocrx_word' id='word_1_429' title='bbox 1872 3707 2051 3760; x_wconf 86' lang='lat' dir='ltr'><strong>Schol.</strong></span> <span class='ocrx_word' id='word_1_430' title='bbox 2102 3707 2202 3756; x_wconf 91' lang='lat' dir='ltr'>Od.</span> <span class='ocrx_word' id='word_1_431' title='bbox 2250 3721 2281 3770; x_wconf 87' lang='grc' dir='ltr'>ρ</span> <span class='ocrx_word' id='word_1_432' title='bbox 2326 3709 2420 3759; x_wconf 87' lang='lat'>81:</span> <span class='ocrx_word' id='word_1_433' title='bbox 2480 3705 2572 3758; x_wconf 87' lang='grc' dir='ltr'>καί</span> <span class='ocrx_word' id='word_1_434' title='bbox 2606 3709 2766 3759; x_wconf 73' lang='grc' dir='ltr'>ποθιῑ</span> <span class='ocrx_word' id='word_1_435' title='bbox 2816 3705 3132 3769; x_wconf 83' lang='grc' dir='ltr'>ἑγκλιτικὸν</span> 
     </span>
     <span class='ocr_line' id='line_1_38' title="bbox 551 3772 3130 3839; baseline 0.002 -17"><span class='ocrx_word' id='word_1_436' title='bbox 551 3772 620 3824; x_wconf 93' lang='grc' dir='ltr'>τὸ</span> <span class='ocrx_word' id='word_1_437' title='bbox 666 3777 813 3826; x_wconf 89' lang='grc' dir='ltr'>ποθι.</span> <span class='ocrx_word' id='word_1_438' title='bbox 918 3775 952 3828; x_wconf 91' lang='grc'>1.</span> <span class='ocrx_word' id='word_1_439' title='bbox 990 3778 1021 3825; x_wconf 85' lang='grc'><strong>6</strong></span> <span class='ocrx_word' id='word_1_440' title='bbox 1067 3774 1132 3824; x_wconf 88' lang='lat' dir='ltr'><strong>de</strong></span> <span class='ocrx_word' id='word_1_441' title='bbox 1177 3773 1242 3825; x_wconf 87' lang='grc' dir='ltr'>τέ</span> <span class='ocrx_word' id='word_1_442' title='bbox 1285 3775 1350 3825; x_wconf 90' lang='lat'>11.</span> <span class='ocrx_word' id='word_1_443' title='bbox 1396 3776 1483 3824; x_wconf 85' lang='lat' dir='ltr'><strong>Pr.</strong></span> <span class='ocrx_word' id='word_1_444' title='bbox 1529 3773 1568 3826; x_wconf 91' lang='grc' dir='ltr'><strong>Β</strong></span> <span class='ocrx_word' id='word_1_445' title='bbox 1614 3778 1737 3826; x_wconf 83' lang='lat'><strong>223:</strong></span> <span class='ocrx_word' id='word_1_446' title='bbox 1785 3773 2119 3839; x_wconf 83' lang='grc' dir='ltr'>νεμέςςηθέν</span> <span class='ocrx_word' id='word_1_447' title='bbox 2163 3774 2250 3825; x_wconf 82' lang='grc' dir='ltr'>τ’;</span> <span class='ocrx_word' id='word_1_448' title='bbox 2300 3774 2331 3825; x_wconf 89' lang='grc' dir='ltr'>ὁ</span> <span class='ocrx_word' id='word_1_449' title='bbox 2376 3778 2439 3827; x_wconf 59' lang='lat' dir='ltr'>ff</span> <span class='ocrx_word' id='word_1_450' title='bbox 2477 3775 2773 3839; x_wconf 88' lang='grc' dir='ltr'>ςύνδεςμος</span> <span class='ocrx_word' id='word_1_451' title='bbox 2819 3773 3130 3838; x_wconf 83' lang='grc' dir='ltr'>ἑγκλιτικὸς</span> 
     </span>
     <span class='ocr_line' id='line_1_39' title="bbox 555 3839 3131 3907; baseline 0.002 -16"><span class='ocrx_word' id='word_1_452' title='bbox 555 3840 637 3891; x_wconf 81' lang='grc' dir='ltr'>ὢν</span> <span class='ocrx_word' id='word_1_453' title='bbox 664 3842 780 3906; x_wconf 85' lang='grc' dir='ltr'>τὴν</span> <span class='ocrx_word' id='word_1_454' title='bbox 816 3842 927 3907; x_wconf 88' lang='grc' dir='ltr'>πρὸ</span> <span class='ocrx_word' id='word_1_455' title='bbox 966 3842 1169 3893; x_wconf 80' lang='grc' dir='ltr'>ἑαυτοῦ</span> <span class='ocrx_word' id='word_1_456' title='bbox 1207 3842 1486 3906; x_wconf 85' lang='grc' dir='ltr'>ςυλλαβὴν</span> <span class='ocrx_word' id='word_1_457' title='bbox 1522 3841 1721 3894; x_wconf 84' lang='grc' dir='ltr'>ὁξύνει.</span> <span class='ocrx_word' id='word_1_458' title='bbox 1757 3870 1822 3877; x_wconf 93' lang='grc'><strong>-</strong></span> <span class='ocrx_word' id='word_1_459' title='bbox 1869 3842 1936 3892; x_wconf 88' lang='lat' dir='ltr'><strong>de</strong></span> <span class='ocrx_word' id='word_1_460' title='bbox 1983 3841 2046 3893; x_wconf 86' lang='grc' dir='ltr'>κέ</span> <span class='ocrx_word' id='word_1_461' title='bbox 2091 3842 2154 3892; x_wconf 90' lang='grc'>11.</span> <span class='ocrx_word' id='word_1_462' title='bbox 2193 3843 2282 3893; x_wconf 91' lang='lat' dir='ltr'>Pr.</span> <span class='ocrx_word' id='word_1_463' title='bbox 2318 3839 2365 3893; x_wconf 90' lang='lat' dir='ltr'>Z</span> <span class='ocrx_word' id='word_1_464' title='bbox 2401 3846 2525 3894; x_wconf 79' lang='lat'><strong>260:</strong></span> <span class='ocrx_word' id='word_1_465' title='bbox 2570 3842 2632 3895; x_wconf 88' lang='grc' dir='ltr'>δέ</span> <span class='ocrx_word' id='word_1_466' title='bbox 2669 3842 2731 3894; x_wconf 81' lang='grc' dir='ltr'>κ’</span> <span class='ocrx_word' id='word_1_467' title='bbox 2765 3842 2962 3896; x_wconf 75' lang='grc' dir='ltr'>αὐτόςε</span> <span class='ocrx_word' id='word_1_468' title='bbox 3015 3844 3131 3897; x_wconf 66' lang='lat' dir='ltr'><strong>&amp;cot</strong></span> 
     </span>
     <span class='ocr_line' id='line_1_40' title="bbox 553 3907 3130 3975; baseline 0.001 -14"><span class='ocrx_word' id='word_1_469' title='bbox 553 3907 823 3971; x_wconf 79' lang='grc' dir='ltr'>ἡγοῦνται</span> <span class='ocrx_word' id='word_1_470' title='bbox 868 3909 1139 3972; x_wconf 81' lang='grc' dir='ltr'>ἑγκεῖςθαι</span> <span class='ocrx_word' id='word_1_471' title='bbox 1184 3909 1289 3961; x_wconf 90' lang='grc' dir='ltr'>τὸν</span> <span class='ocrx_word' id='word_1_472' title='bbox 1336 3909 1398 3962; x_wconf 81' lang='grc' dir='ltr'>κέ</span> <span class='ocrx_word' id='word_1_473' title='bbox 1442 3907 1780 3973; x_wconf 79' lang='grc' dir='ltr'>ἑγκλιτικόν,</span> <span class='ocrx_word' id='word_1_474' title='bbox 1828 3909 2141 3973; x_wconf 82' lang='grc' dir='ltr'>ρωννύουςι</span> <span class='ocrx_word' id='word_1_475' title='bbox 2185 3913 2288 3961; x_wconf 79' lang='grc' dir='ltr'>τοῦ</span> <span class='ocrx_word' id='word_1_476' title='bbox 2334 3909 2397 3961; x_wconf 91' lang='grc' dir='ltr'>δέ</span> <span class='ocrx_word' id='word_1_477' title='bbox 2431 3911 2539 3974; x_wconf 89' lang='grc' dir='ltr'>τὴν</span> <span class='ocrx_word' id='word_1_478' title='bbox 2575 3910 2788 3975; x_wconf 82' lang='grc' dir='ltr'>ὀξεῖαν,</span> <span class='ocrx_word' id='word_1_479' title='bbox 2837 3910 2916 3963; x_wconf 80' lang='grc' dir='ltr'>ὡς</span> <span class='ocrx_word' id='word_1_480' title='bbox 2962 3913 3054 3963; x_wconf 82' lang='grc' dir='ltr'>καὶ</span> <span class='ocrx_word' id='word_1_481' title='bbox 3097 3912 3130 3964; x_wconf 83' lang='grc' dir='ltr'>ὁ</span> 
     </span>
     <span class='ocr_line' id='line_1_41' title="bbox 557 3974 3130 4045; baseline 0.002 -19"><span class='ocrx_word' id='word_1_482' title='bbox 557 3974 986 4042; x_wconf 76' lang='grc' dir='ltr'>Ἀςκαλωνίτης·</span> <span class='ocrx_word' id='word_1_483' title='bbox 1034 3977 1189 4028; x_wconf 84' lang='grc' dir='ltr'>οὕτω</span> <span class='ocrx_word' id='word_1_484' title='bbox 1226 3978 1331 4043; x_wconf 86' lang='grc' dir='ltr'>γὰρ</span> <span class='ocrx_word' id='word_1_485' title='bbox 1368 3978 1459 4030; x_wconf 78' lang='grc' dir='ltr'>καὶ</span> <span class='ocrx_word' id='word_1_486' title='bbox 1503 3978 1571 4030; x_wconf 89' lang='grc' dir='ltr'>τὸ</span> <span class='ocrx_word' id='word_1_487' title='bbox 1617 3977 1679 4029; x_wconf 82' lang='grc' dir='ltr'>ἐν</span> <span class='ocrx_word' id='word_1_488' title='bbox 1713 3982 1785 4045; x_wconf 81' lang='grc' dir='ltr'>τῇ</span> <span class='ocrx_word' id='word_1_489' title='bbox 1827 3976 2107 4045; x_wconf 84' lang='grc' dir='ltr'>Ὀδυςςείᾳ</span> <span class='ocrx_word' id='word_1_490' title='bbox 2153 3978 2212 4044; x_wconf 90' lang='grc' dir='ltr'>(γ</span> <span class='ocrx_word' id='word_1_491' title='bbox 2247 3977 2370 4041; x_wconf 86' lang='grc'>255)</span> <span class='ocrx_word' id='word_1_492' title='bbox 2407 3976 2771 4040; x_wconf 86' lang='grc' dir='ltr'>ἀναγινώςκει</span> <span class='ocrx_word' id='word_1_493' title='bbox 2815 3979 2985 4043; x_wconf 77' lang='grc' dir='ltr'>«ἤτοι</span> <span class='ocrx_word' id='word_1_494' title='bbox 3027 3978 3130 4044; x_wconf 80' lang='grc' dir='ltr'>μὲν</span> 
     </span>
     <span class='ocr_line' id='line_1_42' title="bbox 553 4042 3132 4107; baseline 0.002 -14"><span class='ocrx_word' id='word_1_495' title='bbox 553 4042 684 4094; x_wconf 84' lang='grc' dir='ltr'>τόδε</span> <span class='ocrx_word' id='word_1_496' title='bbox 724 4044 782 4095; x_wconf 81' lang='grc' dir='ltr'>κ’</span> <span class='ocrx_word' id='word_1_497' title='bbox 817 4043 989 4096; x_wconf 76' lang='grc' dir='ltr'>αὐτὸ(</span> <span class='ocrx_word' id='word_1_498' title='bbox 1026 4044 1223 4099; x_wconf 78' lang='grc' dir='ltr'>ὀΐεαι».</span> <span class='ocrx_word' id='word_1_499' title='bbox 1261 4074 1326 4082; x_wconf 88' lang='grc'>-</span> <span class='ocrx_word' id='word_1_500' title='bbox 1364 4048 1431 4097; x_wconf 84' lang='lat' dir='ltr'><strong>de</strong></span> <span class='ocrx_word' id='word_1_501' title='bbox 1465 4049 1553 4098; x_wconf 67' lang='grc' dir='ltr'>τὀι</span> <span class='ocrx_word' id='word_1_502' title='bbox 1590 4046 1772 4099; x_wconf 83' lang='lat' dir='ltr'><strong>Sehol.</strong></span> <span class='ocrx_word' id='word_1_503' title='bbox 1810 4046 1882 4096; x_wconf 83' lang='lat' dir='ltr'>ad</span> <span class='ocrx_word' id='word_1_504' title='bbox 1921 4047 2023 4096; x_wconf 81' lang='lat' dir='ltr'>od.</span> <span class='ocrx_word' id='word_1_505' title='bbox 2048 4060 2084 4096; x_wconf 91' lang='grc' dir='ltr'>α</span> <span class='ocrx_word' id='word_1_506' title='bbox 2121 4048 2245 4102; x_wconf 84' lang='grc'>214;</span> <span class='ocrx_word' id='word_1_507' title='bbox 2285 4046 2351 4096; x_wconf 87' lang='lat' dir='ltr'><strong>de</strong></span> <span class='ocrx_word' id='word_1_508' title='bbox 2386 4044 2451 4107; x_wconf 85' lang='grc' dir='ltr'>γέ</span> <span class='ocrx_word' id='word_1_509' title='bbox 2488 4046 2551 4100; x_wconf 91' lang='grc' dir='ltr'>ῙΙ.</span> <span class='ocrx_word' id='word_1_510' title='bbox 2579 4047 2666 4096; x_wconf 88' lang='lat' dir='ltr'>Pr.</span> <span class='ocrx_word' id='word_1_511' title='bbox 2694 4045 2743 4099; x_wconf 89' lang='grc' dir='ltr'>Ξ</span> <span class='ocrx_word' id='word_1_512' title='bbox 2777 4050 2893 4101; x_wconf 85' lang='grc'>396.</span> <span class='ocrx_word' id='word_1_513' title='bbox 2952 4049 3132 4099; x_wconf 80' lang='lat' dir='ltr'><strong>Lehrs</strong></span> 
     </span>
     <span class='ocr_line' id='line_1_43' title="bbox 555 4111 3130 4180; baseline 0.002 -19"><span class='ocrx_word' id='word_1_514' title='bbox 555 4126 645 4175; x_wconf 88' lang='lat' dir='ltr'>qu.</span> <span class='ocrx_word' id='word_1_515' title='bbox 679 4127 763 4177; x_wconf 86' lang='lat' dir='ltr'><strong>ep.</strong></span> <span class='ocrx_word' id='word_1_516' title='bbox 801 4115 897 4164; x_wconf 82' lang='grc'>132</span> <span class='ocrx_word' id='word_1_517' title='bbox 932 4128 1047 4177; x_wconf 81' lang='lat' dir='ltr'><strong>sqq.</strong></span> <span class='ocrx_word' id='word_1_518' title='bbox 1082 4141 1145 4148; x_wconf 88' lang='lat'>——</span> <span class='ocrx_word' id='word_1_519' title='bbox 1187 4114 1254 4165; x_wconf 89' lang='lat' dir='ltr'><strong>de</strong></span> <span class='ocrx_word' id='word_1_520' title='bbox 1289 4113 1395 4179; x_wconf 87' lang='grc' dir='ltr'>τάρ</span> <span class='ocrx_word' id='word_1_521' title='bbox 1429 4115 1494 4164; x_wconf 95' lang='lat' dir='ltr'>Il.</span> <span class='ocrx_word' id='word_1_522' title='bbox 1530 4116 1615 4170; x_wconf 86' lang='lat' dir='ltr'><strong>Pr.</strong></span> <span class='ocrx_word' id='word_1_523' title='bbox 1654 4114 1697 4168; x_wconf 93' lang='grc' dir='ltr'>Α</span> <span class='ocrx_word' id='word_1_524' title='bbox 1733 4117 1823 4164; x_wconf 81' lang='lat'>65:</span> <span class='ocrx_word' id='word_1_525' title='bbox 1864 4111 1914 4164; x_wconf 88' lang='grc' dir='ltr'>εἴ</span> <span class='ocrx_word' id='word_1_526' title='bbox 1949 4127 2082 4177; x_wconf 83' lang='grc' dir='ltr'>ταρ·</span> <span class='ocrx_word' id='word_1_527' title='bbox 2119 4112 2306 4165; x_wconf 78' lang='grc' dir='ltr'>οὕτως</span> <span class='ocrx_word' id='word_1_528' title='bbox 2342 4113 2492 4165; x_wconf 77' lang='grc' dir='ltr'>ὀξεῖα</span> <span class='ocrx_word' id='word_1_529' title='bbox 2529 4111 2607 4165; x_wconf 80' lang='grc' dir='ltr'>εἰς</span> <span class='ocrx_word' id='word_1_530' title='bbox 2643 4113 2749 4165; x_wconf 89' lang='grc' dir='ltr'>τὸν</span> <span class='ocrx_word' id='word_1_531' title='bbox 2786 4113 2850 4166; x_wconf 80' lang='grc' dir='ltr'>εἴ.</span> <span class='ocrx_word' id='word_1_532' title='bbox 2919 4114 2989 4166; x_wconf 92' lang='grc' dir='ltr'>τὸ</span> <span class='ocrx_word' id='word_1_533' title='bbox 3025 4115 3130 4180; x_wconf 84' lang='grc' dir='ltr'>γὰρ</span> 
     </span>
     <span class='ocr_line' id='line_1_44' title="bbox 554 4177 3130 4247; baseline 0.002 -19"><span class='ocrx_word' id='word_1_534' title='bbox 554 4177 659 4242; x_wconf 82' lang='grc' dir='ltr'>τάρ</span> <span class='ocrx_word' id='word_1_535' title='bbox 696 4177 843 4231; x_wconf 82' lang='grc' dir='ltr'>ἐςτιν</span> <span class='ocrx_word' id='word_1_536' title='bbox 880 4177 1188 4242; x_wconf 84' lang='grc' dir='ltr'>ἑγκλιτικὸς</span> <span class='ocrx_word' id='word_1_537' title='bbox 1224 4182 1519 4247; x_wconf 88' lang='grc' dir='ltr'>ςύνδεςμος</span> <span class='ocrx_word' id='word_1_538' title='bbox 1559 4181 1993 4247; x_wconf 79' lang='grc' dir='ltr'>ἐπιφερόμενος·</span> <span class='ocrx_word' id='word_1_539' title='bbox 2031 4182 2121 4233; x_wconf 76' lang='grc' dir='ltr'>καὶ</span> <span class='ocrx_word' id='word_1_540' title='bbox 2158 4179 2225 4232; x_wconf 83' lang='grc' dir='ltr'>οὐ</span> <span class='ocrx_word' id='word_1_541' title='bbox 2262 4180 2344 4232; x_wconf 79' lang='grc' dir='ltr'>δεῖ</span> <span class='ocrx_word' id='word_1_542' title='bbox 2379 4180 2744 4246; x_wconf 87' lang='grc' dir='ltr'>ἀπόςτροφον</span> <span class='ocrx_word' id='word_1_543' title='bbox 2780 4182 3005 4246; x_wconf 85' lang='grc' dir='ltr'>βάλλειν</span> <span class='ocrx_word' id='word_1_544' title='bbox 3051 4182 3130 4235; x_wconf 82' lang='grc' dir='ltr'>εἰς</span> 
     </span>
     <span class='ocr_line' id='line_1_45' title="bbox 554 4245 3130 4315; baseline 0.003 -19"><span class='ocrx_word' id='word_1_545' title='bbox 554 4245 625 4297; x_wconf 86' lang='grc' dir='ltr'>τὸ</span> <span class='ocrx_word' id='word_1_546' title='bbox 659 4248 716 4296; x_wconf 64' lang='grc' dir='ltr'>τ·</span> <span class='ocrx_word' id='word_1_547' title='bbox 753 4246 821 4298; x_wconf 82' lang='grc' dir='ltr'>οὐ</span> <span class='ocrx_word' id='word_1_548' title='bbox 859 4246 963 4311; x_wconf 82' lang='grc' dir='ltr'>γάρ</span> <span class='ocrx_word' id='word_1_549' title='bbox 1000 4245 1147 4299; x_wconf 82' lang='grc' dir='ltr'>ἐςτιν</span> <span class='ocrx_word' id='word_1_550' title='bbox 1184 4248 1215 4299; x_wconf 88' lang='grc' dir='ltr'><strong>ό</strong></span> <span class='ocrx_word' id='word_1_551' title='bbox 1252 4249 1316 4301; x_wconf 87' lang='grc' dir='ltr'>τέ</span> <span class='ocrx_word' id='word_1_552' title='bbox 1351 4249 1670 4315; x_wconf 86' lang='grc' dir='ltr'>ςύνδεςμος·</span> <span class='ocrx_word' id='word_1_553' title='bbox 1717 4249 2033 4314; x_wconf 81' lang='grc' dir='ltr'>ἐπεφέρετο</span> <span class='ocrx_word' id='word_1_554' title='bbox 2077 4249 2183 4314; x_wconf 82' lang='grc' dir='ltr'>γὰρ</span> <span class='ocrx_word' id='word_1_555' title='bbox 2228 4248 2298 4300; x_wconf 84' lang='grc' dir='ltr'>ἂν</span> <span class='ocrx_word' id='word_1_556' title='bbox 2334 4249 2526 4313; x_wconf 85' lang='grc' dir='ltr'>ἕτερος</span> <span class='ocrx_word' id='word_1_557' title='bbox 2561 4249 2857 4313; x_wconf 82' lang='grc' dir='ltr'>ςύνδεςμος</span> <span class='ocrx_word' id='word_1_558' title='bbox 2893 4252 3027 4302; x_wconf 88' lang='lat' dir='ltr'><strong>ibid.</strong></span> <span class='ocrx_word' id='word_1_559' title='bbox 3063 4255 3130 4304; x_wconf 76' lang='lat'>30</span> 
     </span>
     <span class='ocr_line' id='line_1_46' title="bbox 554 4316 3129 4432; baseline 0.002 -67"><span class='ocrx_word' id='word_1_560' title='bbox 554 4316 624 4365; x_wconf 85' lang='lat' dir='ltr'>cf.</span> <span class='ocrx_word' id='word_1_561' title='bbox 661 4316 837 4365; x_wconf 82' lang='lat' dir='ltr'><strong>Lehre</strong></span> <span class='ocrx_word' id='word_1_562' title='bbox 873 4331 959 4380; x_wconf 87' lang='lat' dir='ltr'>qu.</span> <span class='ocrx_word' id='word_1_563' title='bbox 997 4331 1079 4432; x_wconf 59' lang='lat' dir='ltr'><strong>ep.</strong></span> <span class='ocrx_word' id='word_1_564' title='bbox 1117 4333 1169 4380; x_wconf 89' lang='lat' dir='ltr'>p.</span> <span class='ocrx_word' id='word_1_565' title='bbox 1210 4321 1321 4368; x_wconf 86' lang='grc'>132.</span> <span class='ocrx_word' id='word_1_566' title='bbox 1358 4347 1419 4354; x_wconf 91' lang='grc'>--</span> <span class='ocrx_word' id='word_1_567' title='bbox 1457 4320 1524 4369; x_wconf 90' lang='lat' dir='ltr'><strong>de</strong></span> <span class='ocrx_word' id='word_1_568' title='bbox 1561 4318 1666 4370; x_wconf 84' lang='grc' dir='ltr'>νύν</span> <span class='ocrx_word' id='word_1_569' title='bbox 1700 4319 1763 4369; x_wconf 93' lang='lat'>11.</span> <span class='ocrx_word' id='word_1_570' title='bbox 1803 4320 1892 4370; x_wconf 89' lang='lat' dir='ltr'>Pr.</span> <span class='ocrx_word' id='word_1_571' title='bbox 1931 4316 1969 4368; x_wconf 92' lang='grc' dir='ltr'>Κ</span> <span class='ocrx_word' id='word_1_572' title='bbox 2011 4321 2127 4368; x_wconf 81' lang='lat'>105:</span> <span class='ocrx_word' id='word_1_573' title='bbox 2164 4317 2264 4369; x_wconf 73' lang='lat' dir='ltr'>&amp;a</span> <span class='ocrx_word' id='word_1_574' title='bbox 2300 4317 2411 4369; x_wconf 88' lang='grc' dir='ltr'>πού</span> <span class='ocrx_word' id='word_1_575' title='bbox 2445 4333 2546 4368; x_wconf 86' lang='grc' dir='ltr'>νυν</span> <span class='ocrx_word' id='word_1_576' title='bbox 2584 4317 2869 4370; x_wconf 74' lang='grc' dir='ltr'>ἑέλπεταιε</span> <span class='ocrx_word' id='word_1_577' title='bbox 2917 4318 2987 4370; x_wconf 84' lang='grc' dir='ltr'>τὸ</span> <span class='ocrx_word' id='word_1_578' title='bbox 3023 4321 3129 4370; x_wconf 79' lang='grc' dir='ltr'>νῦν</span> 
     </span>
     <span class='ocr_line' id='line_1_47' title="bbox 555 4382 3129 4451; baseline 0.001 -16"><span class='ocrx_word' id='word_1_579' title='bbox 555 4382 751 4435; x_wconf 80' lang='grc' dir='ltr'>ἐνθάδε</span> <span class='ocrx_word' id='word_1_580' title='bbox 790 4382 1024 4434; x_wconf 87' lang='grc' dir='ltr'>ςυςταλτ</span> <span class='ocrx_word' id='word_1_581' title='bbox 1058 4398 1125 4434; x_wconf 89' lang='grc' dir='ltr'>ον</span> <span class='ocrx_word' id='word_1_582' title='bbox 1167 4383 1255 4436; x_wconf 84' lang='grc' dir='ltr'>διὰ</span> <span class='ocrx_word' id='word_1_583' title='bbox 1298 4386 1369 4437; x_wconf 86' lang='grc' dir='ltr'>τὸ</span> <span class='ocrx_word' id='word_1_584' title='bbox 1416 4386 1645 4451; x_wconf 81' lang='grc' dir='ltr'>μέτρον,</span> <span class='ocrx_word' id='word_1_585' title='bbox 1693 4386 1883 4450; x_wconf 85' lang='grc' dir='ltr'>ὥςπερ</span> <span class='ocrx_word' id='word_1_586' title='bbox 1927 4385 2018 4437; x_wconf 79' lang='grc' dir='ltr'>καὶ</span> <span class='ocrx_word' id='word_1_587' title='bbox 2063 4384 2157 4437; x_wconf 76' lang='grc' dir='ltr'>ἐπὶ</span> <span class='ocrx_word' id='word_1_588' title='bbox 2200 4387 2305 4436; x_wconf 82' lang='grc' dir='ltr'>τοῦ</span> <span class='ocrx_word' id='word_1_589' title='bbox 2352 4384 2559 4450; x_wconf 75' lang='grc' dir='ltr'>«δεῦρό</span> <span class='ocrx_word' id='word_1_590' title='bbox 2595 4400 2699 4437; x_wconf 83' lang='grc' dir='ltr'>νυν</span> <span class='ocrx_word' id='word_1_591' title='bbox 2734 4386 2769 4450; x_wconf 85' lang='grc' dir='ltr'>ἢ</span> <span class='ocrx_word' id='word_1_592' title='bbox 2804 4385 3129 4451; x_wconf 78' lang='grc' dir='ltr'>τρίποδος».</span> 
     </span>
     <span class='ocr_line' id='line_1_48' title="bbox 553 4449 3127 4520; baseline 0.001 -18"><span class='ocrx_word' id='word_1_593' title='bbox 553 4452 616 4502; x_wconf 91' lang='lat'>11.</span> <span class='ocrx_word' id='word_1_594' title='bbox 657 4454 747 4504; x_wconf 85' lang='lat' dir='ltr'>Pr.</span> <span class='ocrx_word' id='word_1_595' title='bbox 784 4449 821 4503; x_wconf 92' lang='grc' dir='ltr'>Ε</span> <span class='ocrx_word' id='word_1_596' title='bbox 857 4452 956 4501; x_wconf 83' lang='grc'>812</span> <span class='ocrx_word' id='word_1_597' title='bbox 994 4451 1173 4505; x_wconf 80' lang='lat' dir='ltr'><strong>Schol.</strong></span> <span class='ocrx_word' id='word_1_598' title='bbox 1212 4453 1284 4502; x_wconf 85' lang='lat' dir='ltr'>ad</span> <span class='ocrx_word' id='word_1_599' title='bbox 1322 4454 1425 4504; x_wconf 85' lang='lat' dir='ltr'>Od.</span> <span class='ocrx_word' id='word_1_600' title='bbox 1462 4469 1489 4505; x_wconf 91' lang='grc' dir='ltr'>ε</span> <span class='ocrx_word' id='word_1_601' title='bbox 1530 4458 1639 4510; x_wconf 73' lang='grc'>146.</span> <span class='ocrx_word' id='word_1_602' title='bbox 1699 4455 1872 4505; x_wconf 75' lang='lat' dir='ltr'><strong>Lehrs</strong></span> <span class='ocrx_word' id='word_1_603' title='bbox 1908 4469 1998 4519; x_wconf 87' lang='lat' dir='ltr'>qu.</span> <span class='ocrx_word' id='word_1_604' title='bbox 2034 4469 2120 4520; x_wconf 87' lang='lat' dir='ltr'><strong>ep.</strong></span> <span class='ocrx_word' id='word_1_605' title='bbox 2162 4456 2273 4507; x_wconf 84' lang='lat'>130.</span> <span class='ocrx_word' id='word_1_606' title='bbox 2311 4480 2379 4490; x_wconf 92' lang='lat'>—-</span> <span class='ocrx_word' id='word_1_607' title='bbox 2415 4455 2480 4503; x_wconf 90' lang='lat' dir='ltr'><strong>de</strong></span> <span class='ocrx_word' id='word_1_608' title='bbox 2520 4453 2651 4518; x_wconf 72' lang='grc' dir='ltr'>πέρε</span> <span class='ocrx_word' id='word_1_609' title='bbox 2689 4454 2753 4508; x_wconf 87' lang='lat'>11.</span> <span class='ocrx_word' id='word_1_610' title='bbox 2791 4456 2877 4505; x_wconf 89' lang='lat' dir='ltr'><strong>Pr.</strong></span> <span class='ocrx_word' id='word_1_611' title='bbox 2918 4454 2963 4506; x_wconf 89' lang='grc' dir='ltr'>Θ</span> <span class='ocrx_word' id='word_1_612' title='bbox 3003 4459 3127 4506; x_wconf 79' lang='lat'>125:</span> 
     </span>
     <span class='ocr_line' id='line_1_49' title="bbox 556 4517 3129 4586; baseline 0.001 -15"><span class='ocrx_word' id='word_1_613' title='bbox 556 4521 646 4571; x_wconf 78' lang='grc' dir='ltr'>καὶ</span> <span class='ocrx_word' id='word_1_614' title='bbox 688 4517 1001 4584; x_wconf 87' lang='grc' dir='ltr'>ἀχνύμενός</span> <span class='ocrx_word' id='word_1_615' title='bbox 1046 4532 1153 4582; x_wconf 88' lang='grc' dir='ltr'>περ</span> <span class='ocrx_word' id='word_1_616' title='bbox 1198 4517 1446 4584; x_wconf 74' lang='grc' dir='ltr'>ἑταίρουτ</span> <span class='ocrx_word' id='word_1_617' title='bbox 1503 4520 1607 4572; x_wconf 85' lang='grc' dir='ltr'>οὐκ</span> <span class='ocrx_word' id='word_1_618' title='bbox 1650 4519 1799 4572; x_wconf 80' lang='grc' dir='ltr'>ἔςτιν</span> <span class='ocrx_word' id='word_1_619' title='bbox 1845 4520 1880 4584; x_wconf 87' lang='grc' dir='ltr'>ἡ</span> <span class='ocrx_word' id='word_1_620' title='bbox 1919 4519 2048 4586; x_wconf 88' lang='grc' dir='ltr'>περί</span> <span class='ocrx_word' id='word_1_621' title='bbox 2095 4521 2379 4586; x_wconf 85' lang='grc' dir='ltr'>πρόθεςις,</span> <span class='ocrx_word' id='word_1_622' title='bbox 2434 4520 2559 4573; x_wconf 85' lang='grc' dir='ltr'>ἀλλ’</span> <span class='ocrx_word' id='word_1_623' title='bbox 2601 4522 2634 4574; x_wconf 82' lang='grc' dir='ltr'>ὁ</span> <span class='ocrx_word' id='word_1_624' title='bbox 2680 4521 2786 4586; x_wconf 85' lang='grc' dir='ltr'>πέρ</span> <span class='ocrx_word' id='word_1_625' title='bbox 2831 4522 3129 4585; x_wconf 80' lang='grc' dir='ltr'>ςύνδεςμος</span> 
     </span>
     <span class='ocr_line' id='line_1_50' title="bbox 560 4584 3130 4655; baseline 0.002 -19"><span class='ocrx_word' id='word_1_626' title='bbox 560 4584 1032 4652; x_wconf 79' lang='grc' dir='ltr'>ἑναντιωματικὸς</span> <span class='ocrx_word' id='word_1_627' title='bbox 1068 4586 1160 4636; x_wconf 80' lang='grc' dir='ltr'>καί</span> <span class='ocrx_word' id='word_1_628' title='bbox 1195 4585 1518 4648; x_wconf 86' lang='grc' dir='ltr'>ἐγκλιτικός.</span> <span class='ocrx_word' id='word_1_629' title='bbox 1587 4588 1673 4639; x_wconf 90' lang='grc' dir='ltr'>διὸ</span> <span class='ocrx_word' id='word_1_630' title='bbox 1708 4589 1778 4640; x_wconf 89' lang='grc' dir='ltr'>τὸ</span> <span class='ocrx_word' id='word_1_631' title='bbox 1814 4589 1978 4640; x_wconf 85' lang='grc' dir='ltr'>τέλος</span> <span class='ocrx_word' id='word_1_632' title='bbox 2014 4592 2117 4655; x_wconf 79' lang='grc' dir='ltr'>τῆς</span> <span class='ocrx_word' id='word_1_633' title='bbox 2153 4591 2392 4654; x_wconf 82' lang='grc' dir='ltr'>μετοχῆς</span> <span class='ocrx_word' id='word_1_634' title='bbox 2431 4588 2632 4641; x_wconf 80' lang='grc' dir='ltr'>ὸξυτον</span> <span class='ocrx_word' id='word_1_635' title='bbox 2672 4589 2822 4642; x_wconf 85' lang='grc' dir='ltr'>τέον.</span> <span class='ocrx_word' id='word_1_636' title='bbox 2856 4619 2922 4627; x_wconf 93' lang='grc'><strong>-</strong></span> <span class='ocrx_word' id='word_1_637' title='bbox 2960 4592 3025 4641; x_wconf 87' lang='lat' dir='ltr'><strong>de</strong></span> <span class='ocrx_word' id='word_1_638' title='bbox 3059 4589 3130 4655; x_wconf 84' lang='grc' dir='ltr'>ῥά</span> 
     </span>
     <span class='ocr_line' id='line_1_51' title="bbox 475 4653 3129 4724; baseline 0.003 -22"><span class='ocrx_word' id='word_1_639' title='bbox 475 4689 485 4702; x_wconf 79' lang='grc'>.</span> <span class='ocrx_word' id='word_1_640' title='bbox 562 4653 624 4705; x_wconf 91' lang='lat' dir='ltr'>ll.</span> <span class='ocrx_word' id='word_1_641' title='bbox 662 4657 751 4709; x_wconf 86' lang='lat' dir='ltr'><strong>Pr.</strong></span> <span class='ocrx_word' id='word_1_642' title='bbox 786 4656 838 4707; x_wconf 93' lang='grc' dir='ltr'>Δ</span> <span class='ocrx_word' id='word_1_643' title='bbox 873 4657 998 4706; x_wconf 79' lang='lat'>249:</span> <span class='ocrx_word' id='word_1_644' title='bbox 1037 4653 1310 4719; x_wconf 87' lang='grc' dir='ltr'>κρατερόν</span> <span class='ocrx_word' id='word_1_645' title='bbox 1346 4655 1416 4720; x_wconf 77' lang='grc' dir='ltr'>ῥά</span> <span class='ocrx_word' id='word_1_646' title='bbox 1453 4656 1479 4706; x_wconf 80' lang='grc' dir='ltr'>ἑ</span> <span class='ocrx_word' id='word_1_647' title='bbox 1510 4655 1740 4708; x_wconf 71' lang='grc' dir='ltr'>πένθοςι</span> <span class='ocrx_word' id='word_1_648' title='bbox 1783 4657 1814 4708; x_wconf 88' lang='grc' dir='ltr'>ὁ</span> <span class='ocrx_word' id='word_1_649' title='bbox 1851 4655 1922 4722; x_wconf 77' lang='grc' dir='ltr'>ῥά</span> <span class='ocrx_word' id='word_1_650' title='bbox 1959 4657 2255 4721; x_wconf 86' lang='grc' dir='ltr'>ςύνδεςμος</span> <span class='ocrx_word' id='word_1_651' title='bbox 2291 4656 2600 4720; x_wconf 81' lang='grc' dir='ltr'>ὲγκλιτικὸς</span> <span class='ocrx_word' id='word_1_652' title='bbox 2688 4673 2721 4708; x_wconf 91' lang='grc' dir='ltr'>ν</span> <span class='ocrx_word' id='word_1_653' title='bbox 2755 4656 2986 4723; x_wconf 82' lang='grc' dir='ltr'>φυλάξει</span> <span class='ocrx_word' id='word_1_654' title='bbox 3020 4659 3129 4724; x_wconf 89' lang='grc' dir='ltr'>τὴν</span> 
     </span>
     <span class='ocr_line' id='line_1_52' title="bbox 563 4714 3130 4794; baseline 0.004 -27"><span class='ocrx_word' id='word_1_655' title='bbox 563 4714 704 4770; x_wconf 80' lang='grc' dir='ltr'>ἰδίαν</span> <span class='ocrx_word' id='word_1_656' title='bbox 748 4722 931 4775; x_wconf 84' lang='grc' dir='ltr'>ὀξεῖαν</span> <span class='ocrx_word' id='word_1_657' title='bbox 983 4721 1074 4775; x_wconf 84' lang='grc' dir='ltr'>διὰ</span> <span class='ocrx_word' id='word_1_658' title='bbox 1114 4722 1223 4788; x_wconf 87' lang='grc' dir='ltr'>τὴν</span> <span class='ocrx_word' id='word_1_659' title='bbox 1268 4721 1296 4774; x_wconf 81' lang='grc' dir='ltr'>ἕ</span> <span class='ocrx_word' id='word_1_660' title='bbox 1340 4720 1700 4787; x_wconf 87' lang='grc' dir='ltr'>ἀντωνυμίαν</span> <span class='ocrx_word' id='word_1_661' title='bbox 1744 4728 1849 4775; x_wconf 81' lang='grc' dir='ltr'>νῦν</span> <span class='ocrx_word' id='word_1_662' title='bbox 1894 4723 2210 4789; x_wconf 80' lang='grc' dir='ltr'>ἑγκλιτικὴν</span> <span class='ocrx_word' id='word_1_663' title='bbox 2245 4723 2430 4777; x_wconf 83' lang='grc' dir='ltr'>οὖςαν.</span> <span class='ocrx_word' id='word_1_664' title='bbox 2598 4727 2633 4776; x_wconf 91' lang='lat' dir='ltr'>l.</span> <span class='ocrx_word' id='word_1_665' title='bbox 2672 4728 2885 4777; x_wconf 83' lang='grc'>16-21</span> <span class='ocrx_word' id='word_1_666' title='bbox 2922 4744 2974 4794; x_wconf 89' lang='lat' dir='ltr'>p.</span> <span class='ocrx_word' id='word_1_667' title='bbox 3013 4743 3130 4794; x_wconf 85' lang='lat' dir='ltr'><strong>seq.</strong></span> 
     </span>
     <span class='ocr_line' id='line_1_53' title="bbox 561 4785 3131 4859; baseline 0.005 -23"><span class='ocrx_word' id='word_1_668' title='bbox 561 4785 755 4840; x_wconf 78' lang='lat' dir='ltr'><strong>Arcad.</strong></span> <span class='ocrx_word' id='word_1_669' title='bbox 804 4793 925 4852; x_wconf 76' lang='lat'>145,</span> <span class='ocrx_word' id='word_1_670' title='bbox 974 4795 1171 4843; x_wconf 81' lang='grc'>1-30,</span> <span class='ocrx_word' id='word_1_671' title='bbox 1386 4792 1423 4842; x_wconf 89' lang='lat' dir='ltr'>l.</span> <span class='ocrx_word' id='word_1_672' title='bbox 1461 4795 1527 4843; x_wconf 92' lang='grc'>20</span> <span class='ocrx_word' id='word_1_673' title='bbox 1581 4790 1774 4857; x_wconf 76' lang='grc' dir='ltr'>ἐπειδὴ</span> <span class='ocrx_word' id='word_1_674' title='bbox 1827 4790 2105 4844; x_wconf 78' lang='grc' dir='ltr'>οὐδέποτε</span> <span class='ocrx_word' id='word_1_675' title='bbox 2150 4820 2216 4829; x_wconf 91' lang='grc'>-</span> <span class='ocrx_word' id='word_1_676' title='bbox 2265 4792 2458 4847; x_wconf 82' lang='grc' dir='ltr'>πίπτει</span> <span class='ocrx_word' id='word_1_677' title='bbox 2511 4811 2578 4845; x_wconf 80' lang='lat' dir='ltr'><strong>ex</strong></span> <span class='ocrx_word' id='word_1_678' title='bbox 2630 4794 2830 4848; x_wconf 81' lang='lat' dir='ltr'><strong>Aroad.</strong></span> <span class='ocrx_word' id='word_1_679' title='bbox 2876 4799 3001 4859; x_wconf 81' lang='lat'>139,</span> <span class='ocrx_word' id='word_1_680' title='bbox 3050 4799 3131 4849; x_wconf 85' lang='lat'>18.</span> 
     </span>
    </p>
   </div>
   <div class='ocr_carea' id='block_1_5' title="bbox 632 4876 2728 4943">
    <p class='ocr_par' dir='ltr' id='par_1_5' title="bbox 632 4876 2728 4943">
     <span class='ocr_line' id='line_1_54' title="bbox 632 4876 2728 4943; baseline 0.008 -5"><span class='ocrx_word' id='word_1_681' title='bbox 632 4903 1000 4941; x_wconf 64' lang='lat' dir='ltr'><strong>annorumve.</strong></span> <span class='ocrx_word' id='word_1_682' title='bbox 1036 4895 1079 4943; x_wconf 92' lang='lat'>1.</span> <span class='ocrx_word' id='word_1_683' title='bbox 2644 4876 2728 4942; x_wconf 76' lang='grc'>36</span> 
     </span>
    </p>
   </div>
  </div>
 </body>
</html>
