3664 5546
1553 389 1972 441 PRAEFATIO.
2881 391 3043 443 cmx

475 549 752 630 Κρεήτην
820 550 947 631 ἔφη
1004 549 1375 627 Ἀρχίλοχος
1430 549 1588 612 κατὰ
1645 546 2067 626 πλεοναςμόν.
2167 546 2229 610 οἱ
2293 548 2407 625 μέν
2473 569 2664 627 φαςιν
2730 548 2861 614 ἀπὸ
2925 553 3043 614 τοῦ

475 653 719 733 Κουρής
768 653 1092 730 Κουρήτην
1148 653 1250 715 καὶ
1298 650 1541 729 Κρήτην
1596 649 1755 713 κατὰ
1811 649 2163 730 ςυγκοπήν,
2221 649 2283 712 οἱ
2339 650 2411 713 δὲ
2466 649 2596 715 ἀπὸ
2647 652 2883 731 Κρητός
2926 656 3043 717 τοῦ

470 756 633 820 Διὸς
679 757 782 820 καὶ
825 754 1047 819 Ἰδαίας
1092 753 1344 832 νύμφης
1389 751 1617 816 παιδός
1631 800 1650 833 ,
1706 749 1767 814 οἱ
1812 751 1879 814 δ’
1923 749 2055 814 ἀπὸ
2105 750 2344 829 Κρήτης
2400 755 2539 831 μιᾶς
2597 760 2726 818 τῶν
2773 754 3043 833 Ἑςπερί-

470 860 635 939 δων,
681 857 744 921 οἱ
788 857 860 921 δὲ
915 855 1044 920 ἀπό
1097 874 1274 919 τινος
1329 857 1642 931 γηγενοῦς
1690 852 1942 931 Κρητός.
2032 850 2360 931 ἄμεινον
2416 854 2486 917 δὲ
2543 856 2717 933 παρὰ
2760 857 2834 919 τὸ
2884 857 3044 935 Κρής

475 959 711 1036 Κρητός
760 959 1000 1038 Κρήτη,
1059 955 1148 1021 ὡς
1196 957 1409 1039 Θρᾴκη
1465 957 1566 1020 καὶ
1612 956 1861 1032 Χιτώνη
1907 953 2007 1017 καὶ
2063 954 2378 1034 Εὐφρόνη.
2439 991 2521 1001 -
2575 955 3041 1036 Τρεμιθοῦςε

470 1061 660 1140 φαςὶν
706 1060 803 1125 ὅτι
849 1059 1145 1139 ἐπιβάςης
1189 1057 1566 1137 Ἀφροδίτης
1621 1058 1736 1121 τὸν
1793 1056 1999 1120 τόπον
2045 1056 2150 1120 διὰ
2202 1058 2318 1135 τὴν
2362 1058 2713 1136 παρουςίαν
2758 1061 2869 1135 τῆς
2914 1059 3046 1123 δαί-

471 1182 669 1240 μονος
713 1162 841 1227 ὑπὸ
885 1161 1126 1239 τρόμου
1173 1162 1682 1241 διαςαλευθῆναι,
1729 1158 1830 1222 διὸ
1877 1158 1980 1221 καὶ
2008 1156 2441 1237 Τρεμιθοῦντα
2482 1162 2800 1237 κληθῆναι.
2876 1161 3048 1240 ἐμοὶ

472 1265 550 1326 δὲ
597 1265 818 1327 δοκεῖ
860 1262 989 1327 ἀπὸ
1034 1267 1165 1326 τῶν
1210 1262 1355 1341 περὶ
1396 1262 1511 1326 τὸν
1556 1261 1762 1325 τόπον
1807 1266 2181 1340 πεφυκυιῶν
2227 1260 2609 1341 τερεβίνθων
2655 1261 2729 1326 ἃς
2783 1262 3043 1341 Κύπριοι

472 1364 803 1445 τρεμίθους
854 1367 1167 1446 ζκαλοῦςιν
1234 1362 1628 1445 ὠνομάςθαι,
1698 1362 1909 1441 ὥςπερ
1974 1363 2268 1427 πλείςτας
2334 1362 2532 1427 ἄλλας
2598 1362 2729 1427 ἀπὸ
2785 1370 2918 1427 τῶν
2975 1365 3045 1428 ἐν

471 1466 692 1530 αὐταῖς
736 1465 1230 1532 πλεοναζόντων
1277 1470 1533 1547 φυτῶν,
1600 1463 1670 1526 in
1714 1463 1951 1549 quibus
1996 1462 2542 1551 explicationibus
2580 1462 2686 1528 vel
2731 1463 3044 1529 dictiones

472 1566 733 1646 ἄμεινον
778 1571 848 1632 δὲ
892 1570 969 1633 τὸ
1010 1574 1309 1650 πρῶτον,
1366 1566 1628 1646 ἄμεινον
1686 1566 1788 1649 δέ,
1846 1566 1987 1645 ἐμοὶ
2038 1568 2108 1631 δὲ
2165 1569 2342 1630 δοκεῖ
2395 1564 2756 1629 Herodiani
2811 1588 3046 1631 memo-

471 1670 633 1731 riam
678 1670 985 1733 excitant.
1074 1667 1496 1755 Etymologia
1538 1664 1761 1753 populi
1804 1668 2088 1748 Ἐρεμβοί
2132 1705 2215 1714 --
2258 1667 2389 1733 ἀπὸ
2433 1671 2550 1731 τοῦ
2597 1668 2684 1733 εἰς
2728 1670 2844 1747 τὴν
2889 1670 3045 1750 ἔραν

473 1772 706 1850 βαίνειν
773 1770 1078 1836 admonet
1140 1769 1500 1834 Herodiani
1575 1768 2025 1854 originationis
2090 1767 2557 1834 vocabulorum
2631 1771 2908 1852 κάραβος
2981 1772 3047 1836 in

472 1870 771 1957 Sympos.
804 1873 885 1938 Ε.
918 1871 1031 1937 Or.
1064 1870 1169 1953 89,
1202 1872 1243 1935 2
1276 1881 1341 1937 et
1369 1871 1659 1950 Αἴγιςθος
1689 1872 1757 1934 in
1788 1868 1954 1937 libro
1985 1873 2132 1951 περὶ
2162 1871 2495 1951 ςχημάτων
2526 1870 2606 1934 Ε.
2640 1871 2730 1935 Μ.
2767 1874 2909 1956 137,
2942 1874 3046 1938 32.

639 1973 1054 2039 Herodianus
1112 1965 1475 2039 Siculorum
1534 1973 1790 2037 nomine
1858 1974 2053 2037 etiam
2116 1973 2444 2038 inferioris
2504 1971 2736 2038 Italiae
2802 1975 3046 2040 incolas

473 2075 870 2159 significavit
911 2075 1155 2140 Arcad.
1205 2075 1313 2157 16,
1347 2074 1444 2146 ‚24
1489 2075 1796 2155 (ούλμων
1853 2077 2039 2141 πόλις
2084 2075 2393 2158 (ικελίαςς
2446 2074 2560 2157 83,
2608 2076 2648 2140 6
2691 2078 3047 2163 Λωμεντός,

472 2179 829 2257 Λαυρεντός
889 2179 1194 2243 (ικελικαὶ
1246 2177 1492 2252 πόλεις;
1561 2176 1681 2241 hoc
1737 2199 1777 2256 a
1835 2176 2161 2263 Stephano
2218 2187 2553 2243 servatum
2606 2197 2748 2243 esse
2802 2180 3051 2244 monuit

472 2278 843 2343 Meinekius
890 2302 952 2366 p.
1000 2280 1146 2361 570,
1195 2279 1232 2342 8
1279 2279 1572 2345 (ινόεςςα
1614 2280 1801 2345 πόλις
1848 2279 2124 2345 (ικελίας
2167 2316 2251 2325 --
2296 2280 2603 2359 Βρουττία
2648 2277 3047 2362 μοῖραἘικε-

476 2382 609 2446 λίας
653 2381 737 2445 cf.
785 2380 1042 2446 Ahrens
1090 2380 1171 2445 de
1220 2378 1368 2444 dial.
1414 2379 1577 2445 Dor.
1621 2403 1685 2466 p.
1736 2380 1877 2445 169.

641 2483 776 2548 Sub
834 2484 1136 2567 Φάςηλις,
1192 2484 1377 2548 πόλις
1431 2483 1816 2563 Παμφυλίας
1871 2481 2240 2568 Stephanus
2296 2483 2596 2549 adnotat:
2656 2485 3050 2566 Ἡρωδιανὸς

478 2588 548 2650 δὲ
604 2587 801 2665 μόνος
844 2587 1039 2663 νῆςόν
1086 2607 1237 2666 φηςι
1293 2581 1533 2649 oblitus
1592 2583 1789 2648 moris
1840 2583 2231 2662 Herodiani,
2292 2585 2403 2669 qui
2462 2608 2657 2672 saepe
2707 2588 3049 2673 paeninsu-

479 2686 606 2750 lam
680 2696 744 2751 et
807 2687 1037 2753 urbem
1096 2685 1488 2751 maritimam
1555 2697 1751 2750 vocat
1814 2690 2041 2770 νῆςον,
2105 2688 2402 2772 quamvis
2478 2688 2617 2775 ipse
2683 2688 3049 2776 Stephanus

478 2791 735 2875 saepius
803 2789 941 2855 sine
1000 2788 1134 2854 ulla
1199 2788 1556 2855 offensione
1620 2787 1846 2853 eodem
1908 2788 2099 2853 modo
2164 2792 2572 2874 Βουθρωτός,
2640 2793 3049 2877 Ἀμάρυνθος,

483 2893 740 2977 Καινύς,
790 2893 1172 2973 Κροκύλειον
1219 2891 1572 2978 significet,
1621 2887 1870 2955 scilicet
1899 2912 1981 2954 ex
2011 2889 2414 2955 Herodiano.
2461 2892 2547 2957 cf.
2578 2893 2776 2958 Mein.
2808 2894 2956 2974 327,
2995 2896 3047 2958 l.

483 2993 790 3059 Similiter
853 2993 938 3058 ab
993 2993 1371 3061 Herodiano
1439 2992 1751 3079 petivisse
1820 2992 2083 3057 videtur
2149 2992 2550 3080 Stephanae,
2580 2995 2791 3081 =quod
2854 2996 3051 3060 urbes

481 3094 902 3160 Macedoniae
947 3117 1141 3182 saepe
1186 3095 1499 3161 Thracias
1557 3094 1747 3176 dicit3
1805 3093 2219 3159 Herodianus
2275 3105 2490 3161 autem
2542 3098 2611 3161 in
2666 3097 2789 3162 hoc
2844 3097 3051 3163 Heca-

482 3206 698 3261 taeum
742 3207 1002 3263 secutus
1049 3207 1187 3262 erat
1231 3198 1316 3263 cf.
1360 3197 1558 3263 Mein.
1602 3219 1666 3282 p.
1710 3196 1858 3261 554.

648 3299 870 3386 Steph.
920 3300 997 3364 B.
1058 3303 1349 3379 Μυκῆναι
1405 3300 1589 3366 πόλις
1644 3300 2155 3385 Πελοποννήςομ
2214 3339 2295 3346 —-
2350 3297 2482 3366 ἀπὸ
2531 3303 2881 3382 Μυκηνέως
2936 3307 3052 3367 τοῦ

485 3400 867 3482 (πάρτωνος
921 3406 1038 3468 τοῦ
1095 3402 1457 3484 Φορωνέως
1510 3401 1832 3483 ἀδελφοῦ·
1888 3403 1926 3480 ἢ
1995 3402 2124 3467 ἀπὸ
2181 3402 2454 3482 μύκητος
2523 3408 2639 3469 τοῦ
2693 3406 2948 3488 ξίφους,
3015 3405 3053 3469 ὃ

482 3504 703 3585 ἐφόρει
748 3505 1061 3589 Περςεύς,
1108 3504 1187 3570 οὗ
1231 3505 1540 3572 πεςόντος
1583 3506 1741 3570 κατὰ
1785 3504 2068 3569 κέλευςιν
2113 3503 2340 3585 Ἑρμοῦ
2395 3507 2510 3583 τὴν
2565 3506 2755 3572 πόλιν
2801 3507 3054 3572 ἔκτιςεν.

481 3607 519 3684 ἢ
564 3605 695 3671 ἀπὸ
740 3610 856 3671 τοῦ
901 3608 1293 3687 μυκήςαςθαι.
1380 3606 1648 3670 Praeter
1693 3606 1771 3670 E.
1807 3603 2027 3669 Orion.
2074 3627 2138 3690 p.
2178 3605 2318 3686 104,
2369 3606 2478 3687 14,
2526 3607 2636 3692 qui
2682 3616 2748 3672 et
2787 3607 2927 3693 ipse
2972 3628 3056 3670 ex

485 3706 854 3772 Herodiano
902 3718 1127 3794 petens
1174 3707 1411 3771 similia
1464 3708 1740 3794 profert:
1802 3709 2095 3786 Μυκήνη·
2152 3709 2349 3787 μύκης
2405 3709 2568 3775 ἐςτὶν
2625 3710 2664 3789 ἡ
2722 3712 2881 3791 λαβὴ
2937 3714 3054 3774 τοῦ

484 3811 709 3890 ξίφους
753 3812 855 3875 καὶ
897 3810 1028 3876 ἀπὸ
1073 3815 1191 3876 τοῦ
1237 3811 1509 3890 μύκητος
1552 3814 1670 3875 τοῦ
1714 3811 1942 3890 ξίφους
1983 3811 2282 3890 Περςέως
2328 3811 2557 3889 ἐκλήθη
2602 3813 2641 3891 ἡ
2686 3812 2874 3877 πόλις
2920 3813 3054 3876 Μυ-

483 3914 639 3992 κήνη
682 3948 768 3959 ——
810 3911 1005 3977 etiam
1050 3912 1542 3977 Choeroboscus
1597 3911 1774 3976 Dict.
1825 3912 1979 3993 139,
2024 3912 2104 3975 31
2165 3933 2247 3975 ex
2303 3910 2680 3976 Herodiano
2733 3911 2896 3977 haec
2948 3934 3055 3976 ex-

485 4013 771 4099 scripsit:
820 4016 1011 4094 μύκης
1053 4051 1140 4061 --
1183 4015 1459 4094 ςημαίνει
1504 4016 1606 4080 καὶ
1647 4016 1722 4080 τὸ
1769 4014 1963 4095 μέρος
2005 4017 2116 4092 τῆς
2172 4018 2365 4096 λαβῆς
2419 4017 2537 4079 τοῦ
2591 4015 2844 4098 ξίφους,
2902 4014 3058 4080 ἔνθα

485 4120 700 4195 κρατεῖ
726 4138 850 4201 τις,
897 4115 977 4182 οὗ
1022 4118 1331 4182 πεςόντος
1374 4116 1443 4181 ἐκ
1472 4117 1769 4195 Περςὲως
1813 4115 2054 4195 μύκητα
2099 4117 2323 4196 ςυνέβη
2369 4119 2739 4199 κτανθῆναι,
2785 4137 3056 4202 quorum

485 4228 779 4282 extrema
832 4219 1134 4297 Μυκήνας
1178 4219 1404 4300 ςυνὲβη
1448 4221 1763 4296 κτιςθῆναι
1808 4217 2156 4283 scribenda
2201 4238 2343 4281 esse
2395 4215 2563 4282 vidit
2616 4217 3056 4282 Graisfordius.

484 4318 655 4383 Ilinc
701 4318 1027 4404 Stephano
1071 4318 1186 4383 lux
1215 4319 1540 4402 oboritur3
1585 4328 1738 4405 post
1765 4320 2048 4400 Περςεύς
2090 4318 2440 4384 inserenda
2469 4327 2619 4383 sunt
2661 4320 2817 4384 ἔνθα
2846 4325 3061 4400 κρατεῖ

443 4418 448 4423 ’
485 4443 575 4486 τις
621 4432 685 4485 et
727 4431 875 4508 post
917 4420 998 4487 οὗ
1041 4424 1350 4489 πεςόντος
1401 4459 1483 4469 -
1537 4421 1606 4485 ἐκ
1659 4422 1992 4507 Περςέως,
2047 4443 2215 4507 quae
2268 4431 2421 4487 sunt
2463 4421 2669 4487 verba
2724 4422 3057 4507 scriptoris

486 4522 568 4587 ab
615 4522 994 4589 Herodiano
1041 4524 1253 4606 citati,
1298 4524 1582 4589 fortasse
1625 4520 1973 4606 Hecataei,
2020 4523 2201 4587 cuius
2246 4545 2485 4587 nomen
2527 4524 2745 4589 omisit
2786 4521 3057 4609 Stepha-

485 4646 605 4687 nus
648 4623 755 4690 vel
799 4625 1186 4712 epitomator
1239 4625 1375 4690 eius
1434 4624 1757 4689 sententia
1800 4625 1995 4689 etiam
2040 4625 2326 4706 omissis,
2384 4647 2550 4711 quae
2605 4624 2780 4706 dixi,
2838 4625 3058 4691 verbis

487 4748 817 4812 perversa.
905 4727 1005 4791 Eo
1049 4736 1295 4811 autem,
1341 4726 1516 4815 quod
1561 4735 1824 4809 auctor,
1872 4727 2042 4793 unde
2086 4726 2501 4793 Herodianus
2557 4723 3059 4812 explicationem

487 4839 886 4916 sumpserat,
935 4829 1215 4896 omissus
1247 4840 1373 4913 est,
1419 4829 1617 4895 etiam
1645 4828 1895 4896 factum
1925 4852 2068 4896 esse
2099 4829 2360 4917 opinor,
2407 4840 2480 4895 ut
2521 4830 2668 4915 ipsa
2710 4828 3060 4916 explicatio
