3664 5546
644 383 729 447 92
1577 383 1658 438 ΕΚ
1700 383 1840 437 ΤΩΝ
1882 382 2290 438 ΗΡΩΔΙΑΝΟΥ

812 577 849 612 ³⁶
898 557 991 621 Τὰ
1035 557 1209 635 παρὰ
1252 557 1328 620 τὸ
1385 556 1611 621 πόλις
1668 555 2045 622 ςυντεθέντα
2099 555 2386 635 ὀνόματα
2428 557 3015 639 προπαροξύνεται,
3071 555 3221 635 Ἑρ-

645 659 1032 737 μούπολις
1075 659 1396 736 Αἰγύπτου
1440 660 1642 724 πόλις.
1731 659 1845 724 εἰςὶ
1889 659 1959 724 δὲ
2005 660 2124 724 δύο
2169 660 2273 723 καὶ
2316 659 2555 738 μεγάλη
2599 660 2702 724 καὶ
2746 659 2946 738 μικρά.
3027 660 3221 738 Χρυ·

645 759 972 826 ςόπολις
1026 761 1097 826 ἐν
1144 762 1415 847 Βιθυνίᾳ.
1500 760 1783 841 Ἔφορος
1842 762 2099 845 εἰκοςτῷ
2158 763 2348 846 τρίτῳ
2404 765 2845 840 «παραδοῦναι
2899 763 3015 840 τὴν
3064 761 3221 826 Καλ-

643 862 965 940 χηδονίων
1013 863 1413 942 Χρυςόπολιν
1454 867 1592 930 τοῖς
1637 864 1980 944 ςυμμάχοις
1995 889 2039 930 ».
2112 866 2215 929 καὶ
2259 863 2647 944 Θεόπομπος
2692 863 2762 930 ἐν
2806 863 3044 948 πρώτῳ
3089 862 3220 928 Ἑλ-

582 973 615 1024 5
646 967 920 1044 ληνικῶν
980 964 1380 1045 «ἀνήχθηςαν
1436 966 1523 1032 εἰς
1580 967 1955 1046 Καλχηδόνα
2017 968 2121 1032 καὶ
2185 967 2531 1033 Βυζάντιον
2596 966 2751 1047 μετὰ
2812 970 2928 1031 τοῦ
2990 968 3221 1031 λοιποῦ

643 1068 1105 1147 ςτρατεύματος
1162 1068 1543 1149 βουλόμενοι
1589 1069 1990 1148 Χρυςόπολιν
2046 1071 2377 1148 καταςχεῖν
2393 1095 2435 1133 ».
2523 1068 2650 1135 ἔςτι
2704 1069 2806 1133 καὶ
2849 1066 3011 1147 ἄλλη
3060 1069 3220 1133 Κιλι-

641 1170 807 1253 κίας,
873 1170 964 1236 ὡς
1019 1170 1057 1235 ὁ
1114 1171 1492 1251 πολυίςτωρ.
1595 1172 2093 1251 Χυτρόπολις
2160 1171 2409 1254 Θρᾴκης
2475 1171 2731 1250 χωρίον.
2832 1170 3221 1250 Θεόπομπος

642 1271 1041 1338 Φιλιππικῶν
1088 1274 1348 1357 εἰκοςτῷ
1392 1274 1671 1359 δευτέρῳ
1719 1277 2088 1354 «παρῆλθεν
2133 1274 2223 1339 εἰς
2270 1273 2705 1357 Χυτρόπολιν,
2759 1273 2998 1352 χωρίον
3042 1271 3219 1352 ἀπῳ-

642 1375 932 1454 κιςμένον
978 1375 1041 1442 ἐξ
1088 1376 1410 1456 Ἀφύτεως
1427 1400 1472 1440 ».
1560 1376 1970 1459 Τρίπολις,
2027 1376 2213 1441 πόλις
2271 1376 2567 1455 Φοινίκης
2623 1377 2729 1442 διὰ
2783 1377 2857 1441 τὸ
2914 1375 2984 1439 ἐκ
3026 1378 3220 1453 τριῶν

542 1480 608 1531 10
642 1478 901 1543 πόλεων
945 1478 1115 1556 ἔχειν
1171 1478 1493 1561 ἀποικίας,
1552 1478 1856 1561 Ἀράδου,
1910 1479 2123 1557 Τύρου
2179 1479 2280 1542 καὶ
2324 1477 2618 1544 Ειδῶνος.
2708 1478 2834 1543 ἔςτι
2892 1479 2995 1542 καὶ
3038 1477 3222 1556 ἑτέρα

645 1579 1046 1646 Μακεδονίας
1099 1582 1202 1646 καὶ
1256 1577 1416 1660 ἄλλή
1472 1580 1886 1663 Περραιβίας,
1943 1582 2046 1645 καὶ
2099 1579 2261 1659 ἄλλη
2322 1581 2547 1659 Καρίας
2602 1581 2641 1660 ἡ
2703 1584 2821 1647 νῦν
2881 1580 3220 1659 Νεάπολις,

646 1681 996 1762 Μεςςηνίας
1041 1684 1143 1747 καὶ
1185 1683 1510 1761 Ἀρκαδίας
1552 1684 1657 1747 καὶ
1698 1682 2000 1762 Ἠπείρου
2054 1684 2158 1747 καὶ
2211 1681 2374 1762 ἄλλη
2429 1683 2729 1762 Ποντική.
2819 1683 3220 1761 Τετράπο-

643 1786 760 1848 λις
815 1783 1049 1862 ἔχουςα
1104 1786 1346 1865 δήμους
1411 1787 1514 1850 καὶ
1575 1785 1795 1850 πόλεις
1850 1785 2150 1864 τέςςαρας
2205 1784 2442 1864 Οἰνόην
2494 1786 2946 1868 Προβάλινθον
3001 1784 3220 1864 Τρικό-

643 1891 881 1964 ρυνθον
941 1887 1330 1966 Μαραθῶνα.
1427 1887 1849 1967 Ὑάμπολις
1913 1887 2101 1953 πόλις
2158 1887 2461 1954 Φωκίδος.
2558 1889 3220 1967 Προξενούπολις

543 1999 606 2051 15
642 1988 787 2066 περὶ
834 1987 1221 2071 Ναύκρατιν,
1272 1989 1730 2054 Πυθόπολις
1781 1988 2007 2068 Καρίας
2052 1990 2238 2056 πόλις
2282 1989 2413 2056 ἀπὸ
2456 1991 2682 2056 Πυθοῦ
2726 1991 3221 2070 περιςπωμένως

493 2086 501 2094 ’
645 2089 736 2154 ὡς
779 2088 911 2155 ἀπὸ
956 2094 1073 2155 τοῦ
1117 2090 1344 2171 Ἑρμοῦ
1387 2096 1636 2171 γενικῆς
1679 2091 2074 2171 Ἑρμόπολις.
2147 2093 2272 2158 ἔςτι
2317 2094 2419 2157 καὶ
2461 2092 2622 2171 ἄλλη
2665 2093 3039 2158 Πυθόπολις
3085 2091 3219 2156 Μυ-

643 2191 788 2255 ςίας.
877 2190 1379 2259 Ὁδιούπολις
1442 2195 1682 2273 χωρίον
1745 2194 2117 2273 Ἡρακλείας
2178 2196 2341 2274 πρὸς
2406 2202 2498 2280 τῷ
2560 2195 2814 2280 Πόντῳ.
2899 2193 3221 2273 Δομίτιος

645 2293 1101 2373 Καλλίςτρατος
1157 2295 1317 2380 ἕκτῳ
1372 2299 1504 2361 τῶν
1558 2298 1705 2377 περὶ
1747 2296 2133 2375 Ἡρακλείας.
2220 2296 2836 2377 Ἡρακλεόπολις
2891 2296 3076 2362 πόλις
3118 2296 3220 2362 Αἰ-

640 2395 885 2471 γυπτία.
973 2397 1589 2477 Παρθενόπολις
1636 2400 2036 2465 Μακεδονίας
2080 2400 2266 2465 πόλις
2309 2399 2441 2465 ἀπὸ
2473 2405 2605 2466 τῶν
2650 2399 3020 2478 θυγατέρων
3068 2400 3218 2476 Γρα-

537 2508 606 2560 20
640 2503 789 2566 ςτοῦ
844 2503 961 2565 τοῦ
1020 2500 1363 2577 Μυγδόνος
1420 2501 1580 2567 υἱοῦ.
1688 2502 2121 2581 Ἱεράπολις
2187 2503 2415 2582 μεταξὺ
2480 2502 2757 2582 Φρυγίας
2821 2504 2924 2567 καὶ
2987 2501 3220 2566 Λυδίας

638 2601 854 2683 πόλις,
912 2601 965 2681 β
1014 2603 1283 2686 Κρήτης,
1337 2603 1395 2679 γ’
1441 2602 1693 2686 Ευρίας,
1738 2606 1776 2683 ἢ
1822 2605 1926 2669 καὶ
1969 2604 2399 2683 Ἱερόπολις
2454 2605 2558 2669 διὰ
2613 2608 2730 2668 τοῦ
2787 2609 2842 2669 ὃ.
2929 2604 3216 2681 Περςέ-

638 2706 867 2769 πολις
912 2705 1099 2770 πόλις
1141 2705 1469 2785 Περςίδος.
1536 2706 1661 2772 ἔςτι
1707 2708 1808 2771 καὶ
1853 2706 2061 2787 ὄνομα
2105 2708 2326 2786 κύριον
2373 2706 2513 2771 υἱοῦ
2557 2706 2947 2788 Τηλεμάχου.
3027 2706 3217 2771 Καλ-

639 2807 949 2873 λίπολις
994 2809 1331 2887 πολίχνιον
1362 2810 1717 2889 Λαμψάκου
1761 2810 1832 2874 ἐν
1877 2816 1952 2893 τῇ
1996 2810 2227 2895 περαίᾳ
2271 2813 2383 2888 τῆς
2426 2810 2834 2889 Χερρονήςου
2880 2809 2987 2875 ἐπ’
3026 2808 3218 2888 ἀκτῆς

638 2908 960 2993 κείμενον,
1019 2911 1110 2977 ὡς
1154 2912 1568 2991 Ἀλέξανδρος
1613 2912 1682 2976 ἐν
1728 2918 1820 2994 τῷ
1865 2913 2011 2990 περὶ
2066 2912 2371 2976 Βιθυνίας.
2459 2911 2585 2976 ἔςτι
2640 2912 2742 2976 καὶ
2787 2912 3063 2977 (ικελίας
3115 2913 3218 2976 καὶ

534 3018 601 3069 25
643 3010 883 3106 Καρίας.
976 3013 1366 3079 Νεάπολις
1419 3014 1604 3078 πόλις
1659 3013 1947 3078 Ἰταλίας·
2022 3013 2149 3078 ἔςτι
2203 3014 2306 3078 καὶ
2359 3012 2520 3093 ἄλλη
2574 3014 2803 3094 Λιβύης
2858 3016 2962 3079 καὶ
3013 3014 3216 3080 ἄλλαι.

641 3112 1066 3180 Νικόπολις
1124 3115 1309 3180 πόλις
1362 3114 1692 3192 Ἠπείρου·
1763 3113 1889 3179 ἔςτι
1947 3117 2049 3180 καὶ
2104 3115 2393 3181 Βιθυνίας
2447 3117 2549 3181 καὶ
2605 3116 2766 3195 ἄλλη
2822 3120 2933 3195 τῆς
3000 3120 3217 3196 μικρᾶς

638 3214 978 3295 Ἀρμενίας.
1066 3217 1736 3296 Πομπηϊούπολις
1781 3218 1970 3283 πόλις
2013 3217 2508 3298 Παφλαγονίας·
2563 3221 2729 3284 τινὲς
2786 3220 2858 3283 δὲ
2916 3219 3060 3299 δίχα
3099 3224 3217 3284 τοῦ

639 3320 677 3381 ῦ
720 3317 1336 3396 Πομπηϊόπολις
1381 3317 1649 3394 λέγουςι.
1738 3319 2314 3398 Πονηρόπολις
2369 3321 2555 3385 πόλις
2611 3321 2681 3387 ἐν
2728 3321 2975 3406 Θρᾴκῃ,
3034 3320 3216 3385 (κυ-

637 3418 968 3483 θόπολις
1011 3418 1431 3498 Παλαιςτίνης
1474 3420 1691 3502 πόλις,
1749 3419 2239 3486 (κυτόπολις
2295 3422 2481 3487 πόλις
2534 3422 2794 3506 Λιβύης,
2849 3424 2996 3501 περὶ
3053 3423 3128 3502 ἦς
3177 3422 3216 3486 ὁ

534 3530 602 3583 30
634 3519 996 3598 πολυίςτωρ
1042 3521 1112 3585 ἐν
1155 3520 1442 3601 Λιβυκῶν
1484 3522 1691 3605 τρίτῳ.
1751 3521 2254 3601 Ταυρόπολις
2298 3523 2485 3589 πόλις
2520 3524 2760 3603 Καρίας.
2826 3524 3213 3590 Φιλιππό-

636 3624 823 3686 πολις
868 3621 1054 3688 πόλις
1100 3622 1527 3706 Μακεδόνων,
1582 3622 1906 3689 Φιλίππου
1948 3629 2066 3690 τοῦ
2110 3626 2420 3705 Ἀμύντου
2475 3626 2690 3705 κτίςμα
2740 3626 2811 3692 ἐν
2854 3634 2947 3710 τῷ
2992 3629 3215 3711 Ἕβρῳ.

638 3722 1077 3789 Φινόπολις
1131 3726 1318 3791 πόλις
1371 3727 1535 3804 πρὸς
1578 3731 1670 3810 τῷ
1713 3726 1951 3811 Πόντῳ
2008 3726 2139 3792 ἀπὸ
2191 3727 2451 3793 Φινέως.
2540 3728 3216 3809 Φαγρωριόπολις.

636 3825 1099 3905 Ἀμφίπολις
1154 3827 1341 3891 πόλις
1397 3828 1799 3893 Μακεδονίας
1857 3829 2014 3893 κατὰ
2070 3830 2324 3911 Θρᾴκην
2338 3880 2356 3912 ,
2412 3830 2546 3909 ἥτις
2605 3831 2822 3896 Ἐννέα
2880 3832 3023 3897 ὁδοί
3076 3833 3216 3897 ἐκα-

637 3930 828 3993 λεῖτο.
897 3932 1222 4007 κεκλῆςθαι
1268 3929 1339 3994 δὲ
1385 3930 1669 4009 Μυρίκην
1713 3932 1816 3995 καὶ
1860 3930 2110 4011 Ἠιόνα,
2156 3932 2536 4011 Ἀμφίπολιν
2582 3935 2652 3997 δὲ
2698 3934 2803 3998 διὰ
2845 3937 2960 4014 τὴν
3004 3936 3217 4015 περίρ-

436 4025 459 4044 “
535 4039 601 4091 35
637 4050 821 4108 ροιαν
866 4035 983 4096 τοῦ
1030 4031 1422 4116 (τρυμόνος,
1482 4034 1572 4097 ὡς
1617 4034 2009 4112 Θουκυδίδης
2062 4035 2327 4119 τετάρτῃ
2383 4035 2462 4116 (e.
2513 4034 2679 4116 102).
2769 4036 3215 4115 ἀκρόπολις.

636 4132 761 4196 ἔςτι
807 4134 908 4197 καὶ
939 4134 1398 4211 Ἀκρόπολις
1438 4135 1623 4200 πόλις
1653 4136 1897 4216 Λιβύης.
1945 4138 2447 4216 μητρόπολις.
2495 4138 2620 4202 ἔςτι
2651 4139 2754 4202 καὶ
2798 4140 3215 4218 Μητρόπο-

636 4239 752 4299 λις
795 4236 981 4300 πόλις
1010 4235 1286 4314 Φρυγίας
1330 4237 1456 4302 ὑπὸ
1501 4241 1612 4316 τῆς
1656 4240 1890 4317 μητρὸς
1933 4243 2062 4303 τῶν
2094 4243 2259 4305 θεῶν
2305 4243 2631 4321 κτιςθεῑςα,
2680 4240 2769 4305 ῶς
2801 4241 3216 4320 Ἀλέξανδρος

635 4337 706 4401 ἐν
752 4343 844 4421 τῷ
888 4338 1032 4415 περὶ
1075 4336 1364 4415 Φρυγίας.
1454 4337 1579 4404 ἔςτι
1624 4341 1726 4403 καὶ
1769 4339 1932 4418 ἄλλη
1978 4340 2256 4419 Φρυγίας
2300 4341 2639 4421 ὁμώνυμος
2696 4344 2798 4407 καὶ
2841 4342 3074 4408 Λυδίας
3117 4345 3220 4407 καὶ

634 4438 972 4504 Θεςςαλίας
1016 4440 1118 4503 καὶ
1160 4441 1565 4520 Ἀκαρνανίας
1620 4442 1721 4506 καὶ
1764 4442 2079 4521 Δωριέων
2125 4444 2226 4507 καὶ
2268 4448 2400 4507 τῶν
2444 4444 2514 4509 ἐν
2559 4451 2650 4527 τῷ
2690 4445 2927 4529 Πόντῳ
2973 4446 3218 4511 Μοςςυ-

768 4627 804 4680 l.
846 4631 868 4676 1
920 4643 1182 4679 canonem
1220 4627 1285 4677 de
1325 4630 1642 4695 compositis
1688 4645 1720 4679 a
1767 4628 1930 4682 πόλις
1966 4631 2098 4682 finxi
2143 4637 2366 4682 auctore
2404 4629 2482 4680 St.
2521 4633 2583 4682 B.
2619 4634 2745 4694 278,
2783 4634 2814 4682 6
2852 4630 3218 4698 Ἑρμούπολις

634 4695 798 4748 πόλις
836 4693 1149 4758 Αἰγύπτου,
1198 4695 1539 4760 Ἡρωδιανὸς
1574 4697 1677 4748 δύο
1724 4696 1869 4749 εἶναι
1914 4698 2092 4764 λέγει,
2138 4698 2228 4750 καὶ
2276 4697 2524 4763 μεγάλην
2570 4699 2660 4750 καὶ
2706 4699 2918 4766 μικράν.
2989 4703 3219 4753 Urbium

634 4766 854 4814 nomina
891 4766 1073 4815 omnia
1110 4769 1236 4814 sunt
1276 4780 1341 4813 ex
1382 4769 1461 4816 St.
1504 4768 1583 4826 13„
1623 4766 1815 4815 Choer.
1857 4785 1908 4833 p.
1951 4769 2043 4819 188
2079 4768 2250 4818 habet
2289 4764 2649 4832 Καλλίπολις,
2688 4767 3051 4834 Χρυςόπολις,
3095 4770 3216 4832 Ἀμ-

633 4829 888 4896 φίπολις,
943 4831 1269 4895 Νικόπολις,
1316 4838 1603 4898 praeterea
1646 4832 1978 4900 ἀκρόπολις,
2027 4835 2372 4901 μητρόπολις
2430 4843 2487 4887 et
2531 4834 2815 4902 (ώπολις,
2867 4836 3217 4904 Ἀγηςίπολις

635 4917 758 4952 cum
793 4901 1285 4967 explicationibus,
1322 4899 1666 4966 φυγόπολις,
1703 4900 1919 4954 ἄπολις.
