3664 5546
614 263 743 329 342
1558 260 1655 343 εκν
1678 259 1817 312 Tou
1861 257 2271 313 ι-ιΡΩΔιΑΝοΥ

608 456 675 500 τε
747 434 837 499 εἰς
906 433 1030 498 ἅλα
1096 432 1337 511 πέτρη»
1396 429 1554 514 (od.
1599 452 1639 507 γ
1683 428 1855 512 293).
1944 430 2112 494 τινὲς
2168 430 2282 518 μὲν
2349 427 2559 509 ὄνομα
2624 430 2847 509 κύριον
2915 430 3031 507 τὴν
3089 432 3207 493 νῦν

613 537 873 614 Βλιςςὴν
918 533 1336 612 καλουμένην.
1425 533 1463 598 ὁ
1509 534 1581 598 δὲ
1629 532 1872 611 Κράτης
1930 531 2041 597 ςὺν
2087 538 2179 615 τῶ
2227 535 2263 596 V
2308 532 2543 613 γράφει
2587 531 2835 609 Λιςςήν.
2925 534 3205 596 καλεῖται

610 639 682 703 δὲ
737 638 839 702 καὶ
881 637 1114 714 Λιςςής.
1204 634 1332 700 ἔςτι
1387 636 1459 699 δὲ
1513 638 1625 713 τῆς
1679 634 2073 699 Φαιςτιάδος.
2164 634 2265 697 καὶ
2319 634 2399 698 τὰ
2452 638 2583 699 τῶν
2643 633 2863 712 δήμων
2922 632 3209 712 ὀνόματα

612 740 855 818 Βηςςή
902 739 1004 803 καὶ
1045 738 1405 817 Περγαςή
1465 739 1666 816 δῆμος
1708 740 1822 813 τῆς
1868 736 2269 815 Ἐρεχθηῖδος
2314 738 2542 815 φυλῆς.
2630 735 2724 798 ἔτι
2779 734 2882 798 καὶ
2926 734 3005 798 τὰ
3048 732 3218 813 πλη-’
3294 815 3308 829 ⁸

533 853 567 902 5
612 845 919 906 θυντικῶς
965 839 1280 919 λεγόμενα
1323 837 1521 903 Ἀςαί
1572 838 1748 917 κώμη
1798 836 2127 917 Κορίνθου.
2220 836 2612 916 Θεόπομπος
2668 834 2764 917 λβ’
2808 836 3208 902 Φιλιππικῶν

612 943 813 1007 «Ἀςαὶ
856 942 959 1006 καὶ
1005 942 1264 1006 Μαυςὸς
1308 944 1510 1020 κῶμαι
1555 938 1821 1019 μεγάλαι
1868 940 1971 1003 καὶ
2013 938 2581 1016 πολυάνθρωποι».
2637 937 2764 1003 ἔςτι
2811 938 2912 1002 καὶ
2955 938 3209 1020 Θρᾴκης

614 1042 797 1109 Ἀςαί.
867 1043 970 1107 καὶ
1013 1041 1407 1121 Τραγαςαί
1463 1041 1702 1120 χωρίον
1748 1040 1819 1107 ἐν
1856 1040 2109 1124 ἠπείρῳ
2156 1039 2287 1104 ἀπὸ
2333 1040 2703 1121 Τραγάςου,
2762 1037 2842 1103 οὗ
2887 1039 2977 1103 εἰς
3023 1038 3209 1118 χάριν

612 1146 651 1210 ό
693 1146 1029 1210 Ποςειδῶν
1073 1143 1232 1208 ἁλὸς
1276 1146 1462 1222 πῆξιν
1508 1141 1831 1223 ἐποίηςεν,
1878 1142 2030 1207 ὅθεν
2062 1142 2447 1219 Τραγαςαῑοι
2493 1140 2675 1223 ἅλες,
2723 1141 2814 1206 ῶς
2844 1139 3210 1217 Ἑλλάνικος

613 1247 684 1310 ἐν
739 1245 976 1328 πρώτῳ
1020 1245 1395 1324 Λεςβιακῶν.
1484 1243 1609 1324 ἀφ’
1667 1243 1746 1309 οὗ
1802 1246 1905 1308 καὶ
1956 1245 2032 1308 τό
2089 1243 2315 1309 πεδίον
2370 1243 2660 1321 Ἁλήςιον
2717 1244 3018 1306 καλεῖται.
3105 1243 3209 1305 καὶ

515 1358 578 1410 10
615 1347 914 1412 Ἀκεςαί
957 1346 1144 1411 πόλις
1190 1346 1593 1411 Μακεδονίας
1635 1346 1738 1409 καὶ
1779 1344 2152 1421 Παγαςαί.

785 1448 878 1513 Τὰ
924 1447 1011 1514 εἰς
1057 1452 1139 1527 ἦ
1185 1445 1686 1527 παραληγόμενα
1728 1453 1820 1531 τῷ
1867 1450 1908 1511 ἃ
1952 1449 1990 1524 ἢ
2021 1454 2112 1529 τῷ
2157 1450 2197 1525 ἧ
2230 1446 2598 1528 βαρύνεται,
2643 1445 2699 1510 εἰ
2743 1448 2824 1526 μὴ
2855 1445 2974 1516 ,ἐπὶ
3004 1446 3211 1523 δήμου

614 1550 939 1632 τάττοιτο,
984 1549 1240 1628 πλάτη
1286 1549 1388 1612 καὶ
1432 1547 1854 1628 ὠμοπλάτη
1870 1596 1888 1630 ,
1944 1548 2172 1631 μάτη,
2228 1549 2414 1613 ἔνθεν
2460 1548 2562 1611 καὶ
2604 1549 2819 1625 γενικὴ
2876 1547 3051 1624 παρὰ
3095 1546 3209 1611 (ο-

615 1655 848 1732 φοκλεῑ
893 1650 1073 1715 «οὔτι
1117 1671 1215 1717 τοι
1273 1649 1506 1729 μέτρον
1552 1650 1812 1730 μάτας»,
1859 1649 1997 1727 ἄτη
2042 1650 2146 1713 καὶ
2188 1649 2619 1729 τριςυλλάβως
2664 1650 2735 1714 ἐν
2780 1652 3048 1731 ςυςτολῇ
3092 1653 3212 1712 τοῦ

619 1756 660 1816 ἂ
704 1751 928 1834 ἀάτη,
979 1753 1069 1817 ὡς
1112 1751 1288 1830 παρὰ
1331 1757 1422 1835 τῷ
1472 1750 1831 1834 Κυρηναίῳ·

457 1936 464 1947 .
518 1869 580 1920 15
980 1899 986 1905 -
1240 1850 1366 1916 εἴτε
1412 1873 1514 1931 μιν
1561 1851 1860 1929 Ἀργείων
1906 1854 2025 1931 χρὴ
2071 1854 2320 1919 καλέειν
2368 1852 2594 1930 Ἀάτην

617 1956 720 2019 καὶ
774 1953 1059 2051 ἀπάτη,
1118 1953 1390 2036 ἐλάτη,
1448 1953 1743 2036 Ἑκάτη,
1804 1954 2051 2033 Κρήτη
2110 1956 2146 2033 ἡ
2204 1955 2452 2034 μεγίςτη
2508 1957 2733 2036 νῆςος,
2793 1955 2871 2033 ἢν
2933 1954 3212 2032 Κρεήτην

619 2057 747 2136 ἔφη
795 2056 1167 2135 Ἀρχίλοχος
1209 2056 1368 2120 κατὰ
1411 2054 1835 2135 πλεοναςμόν.
1925 2055 1988 2119 οἱ
2031 2058 2145 2135 μέν
2191 2076 2381 2134 φαςιν
2426 2055 2559 2121 ἀπὸ
2603 2060 2719 2120 τοῦ
2763 2056 3008 2134 Κουρής
3056 2056 3212 2120 Κου-

622 2157 818 2236 ρήτην
864 2159 972 2221 καὶ
1013 2157 1256 2236 Κρήτην
1302 2158 1460 2221 κατὰ
1507 2157 1863 2238 ςυγκοπήν,
1918 2156 1980 2220 οἱ
2027 2158 2098 2221 δὲ
2142 2156 2274 2222 ἀπὸ
2323 2158 2563 2236 Κρητὸς
2605 2161 2723 2222 τοῦ
2766 2157 2946 2222 Διός.
3036 2158 3097 2221 οἱ
3142 2159 3215 2221 δὲ

621 2259 1044 2339 ἀπὸΚρήτης
1099 2262 1241 2338 μιᾶς
1298 2263 1428 2323 τῶν
1474 2257 1882 2340 Ἑςπερίδων,
1942 2258 2015 2322 οἱ·
2061 2260 2131 2322 δ“ε
2189 2256 2319 2322 ἀπό
2364 2279 2539 2323 τινος
2592 2263 2909 2338 γηγενοῦς
2959 2259 3212 2338 Κρητός

517 2376 585 2425 20
619 2360 884 2439 ἄμεινον
942 2362 1014 2424 δὲ
1068 2361 1244 2438 παρὰ
1299 2364 1374 2425 τὸ
1434 2360 1595 2439 Κρής
1656 2359 1894 2439 Κρητός
1954 2359 2157 2438 Κρήτη
2229 2360 2318 2425 ῶς
2373 2361 2588 2443 Θρᾴκη
2656 2361 2757 2425 καὶ
2804 2362 3052 2438 Χιτώνη
3113 2361 3217 2423 καὶ

620 2462 926 2542 εὐφρόνη.
1017 2461 1261 2537 λέγεται
1318 2462 1420 2525 καὶ
1470 2465 1813 2540 ποιητικῶς
1863 2461 2091 2539 Κρῆται
2147 2458 2296 2542 (Od.
2345 2467 2376 2528 ξ
2422 2460 2535 2541 99,
2594 2483 2640 2526 π
2685 2462 2816 2542 61).
2909 2462 3214 2542 Ἀρήτη,

620 2560 864 2641 ἀρητ’ή
911 2563 982 2628 δὲ
1026 2564 1103 2628 τὸ
1149 2563 1460 2630 ἐπίθετον.
1530 2562 1739 2641 άήτη.
1786 2562 1988 2641 Λήτη
2033 2563 2220 2628 πόλις
2268 2563 2672 2628 Μακεδονίας
2717 2562 2848 2628 ἀπὸ
2895 2566 3011 2627 τοῦ
3055 2567 3215 2641 πλη-

623 2664 758 2730 ςίον
815 2664 1159 2744 ἱδρυμένου
1203 2666 1449 2745 Λητοῦς
1503 2662 1697 2742 ἱεροῦ.
1789 2664 2142 2744 Διαβήτη
2199 2667 2390 2742 νῆςος
2446 2665 2874 2745 δυςμικωτέρα
2932 2663 3218 2743 (αρδοῡς

626 2768 730 2832 καὶ
778 2765 1042 2845 Κύρνου.
1103 2766 1216 2832 εἰςὶ
1261 2767 1362 2832 καὶ
1404 2766 1720 2846 Διαβῆται
1764 2768 1943 2845 νῆςοι
1988 2767 2134 2844 περὶ
2174 2764 2399 2845 (ύμην.
2459 2766 2746 2845 Ὑπάτη
2793 2765 2979 2832 πόλις
3005 2765 3215 2832 Αἰνιά-

518 2884 587 2934 25
625 2890 776 2935 νων.
840 2869 1088 2944 λέγεται
1133 2871 1205 2934 δὲ
1251 2870 1353 2936 καὶ
1381 2869 1655 2933 Ὕπατα.
1715 2867 1841 2933 ἔςτι
1887 2869 1990 2931 καὶ
2031 2869 2210 2946 χώρα
2239 2868 2506 2946 πληςίον
2539 2867 2872 2947 (αγγάρου
2903 2873 3215 2948 ποταμοῦ.

621 2971 1042 3048 Ἰωταπάτη
1097 2972 1284 3035 πόλις
1340 2969 1595 3051 (υρίας,
1656 2970 1694 3046 ἣ
1750 2969 1852 3033 καὶ
1898 2969 2259 3034 Ἰωτάπατα.
2351 2969 2712 3034 Ναπάται
2756 2970 2941 3035 πόλις
2984 2970 3216 3050 Λιβύης

621 3072 787 3150 πρὸς
839 3078 916 3156 τῇ
969 3071 1279 3155 Αἰθιοπίᾳ.
1379 3072 1455 3135 τὸ
1514 3073 1587 3136 δὲ
1647 3070 1845 3149 Βατή
1905 3070 2009 3134 ἐπὶ
2062 3075 2178 3135 τοῦ
2237 3070 2442 3150 δήμου
2497 3074 2610 3149 τῆς
2652 3071 2950 3151 Αἰγηΐδος
3005 3075 3216 3152 φυλῆς

622 3171 944 3253 ὀξύνεται,
1001 3171 1077 3236 τὸ
1135 3173 1207 3237 δὲ
1263 3171 1452 3252 βάτη
1506 3172 1546 3250 ἡ
1590 3176 1671 3250 γῆ
1717 3171 1893 3250 παρὰ
1939 3172 2310 3251 Μεςςηνίοις
2355 3172 2707 3253 βαρύνεται.
3234 3195 3241 3202 ·

625 3431 682 3478 et
716 3427 797 3481 St.
834 3428 897 3481 Β.
936 3428 996 3476 in
1032 3429 1190 3478 textu
1237 3427 1420 3492 posui,
1467 3426 1763 3478 tradidisse
1810 3427 1938 3478 inde
1989 3428 2133 3493 quod
2180 3427 2284 3480 nisi
2322 3429 2423 3478 hoc
2469 3428 2965 3495 voluis³et‚›.1ccr'1
3011 3446 3217 3480 merum

624 3495 962 3546 adiectivum
1006 3510 1076 3544 ne
1121 3500 1604 3546 commemorasset
1649 3495 1900 3559 quidem,
1946 3511 2072 3545 nam
2120 3495 2185 3546 de
2233 3513 2297 3547 eo
2343 3496 2497 3548 valet
2541 3513 2716 3548 canon
2762 3497 3065 3562 generalis,
3112 3514 3216 3562 quo

629 3563 894 3613 feminina
929 3561 1250 3613 masculinis
1288 3564 1470 3628 aptari
1503 3563 1779 3612 iubentur.
1815 3561 2079 3628 Περγαςή
2116 3580 2184 3613 ex
2221 3564 2301 3615 St.
2338 3565 2401 3615 B.
2439 3581 2506 3615 ex
2550 3564 2686 3623 levi,
2724 3564 2806 3616 ἔτι
2845 3565 2934 3616 καὶ
2970 3564 3041 3616 τὰ
3078 3564 3216 3629 πλη-

627 3631 902 3681 θυντικῶς
940 3628 1217 3692 λεγόμενα
1253 3631 1428 3680 adieci
1463 3635 1686 3696 propter
1723 3627 1874 3681 Αςαί
1909 3629 2187 3695 Τραγαςαί
2226 3629 2441 3683 Ἀκεςαί
2533 3630 2731 3693 αγαςαί
2777 3633 2877 3683 hoc
2913 3639 3147 3684 accentu
3183 3649 3218 3682 a

632 3697 1581 3763 St.13.relata.1.12udrn
1620 3697 1800 3748 adieci
1841 3715 1905 3747 ex
1944 3698 2088 3749 Mon.
2124 3702 2217 3761 42,
2256 3702 2347 3760 223
2384 3697 2493 3764 ἄτη
2531 3700 2753 3764 explevi
2787 3701 3057 3764 indidem,
3093 3701 3215 3751 ubi:

630 3764 699 3816 τὸ
737 3764 798 3816 δὲ
834 3762 1016 3818 αἷτιον
1051 3768 1154 3829 τῆς
1192 3763 1472 3818 ἐκτάςεως
1509 3765 1572 3817 ἐν
1607 3769 1677 3831 τῇ
1715 3763 2026 3832 διςυλλάβῳ
2075 3769 2338 3832 προφορᾷ
2388 3765 2450 3818 ἐν
2459 3715 2700 3831 ηἑτέροις
2745 3765 3007 3832 εἴπομεν,
3047 3773 3107 3819 ut
3143 3770 3221 3818 vi-

629 3834 821 3895 detur,
857 3838 1045 3884 nostro
1091 3833 1211 3884 loco
1259 3834 1332 3883 ef.
1375 3835 1446 3884 de
1492 3832 1600 3898 ἄτη
1645 3834 1782 3885 Lob.
1821 3834 1905 3883 El.
1944 3835 1999 3884 11
2036 3836 2118 3884 50.
2193 3834 2259 3884 de
2298 3832 2471 3899 ἐλάτη
2511 3836 2582 3884 cf.
2622 3837 2685 3886 Ε.
2723 3836 2813 3886 Or.
2851 3839 2936 3901 64,
2976 3839 3062 3887 122
3102 3835 3216 3886 ἐλῶ

628 3901 661 3953 ό
701 3899 928 3964 μέλλων
964 3898 1171 3952 ἑλάςω·
1211 3901 1391 3963 ὄνομα
1428 3899 1740 3966 ῥηματικὸν
1777 3899 1978 3952 ἔλατος
2014 3902 2105 3952 καὶ
2150 3899 2230 3952 εἰς
2268 3850 2520 3966 ἰδιότητα
2557 3900 2759 3967 ἐλέχθη
2797 3876 2970 3967 ἐλάτη
3007 3903 3077 3953 τὸ
3113 3918 3216 3965 φυ-

626 3967 747 4021 τόν.
822 3967 1007 4034 Κρήτη
1046 3968 1267 4034 explevi
1312 3985 1378 4020 ex
1416 3971 1496 4019 St.
1533 3971 1618 4031 B.‚
1659 3966 1841 4033 ἀρητή
1887 3967 1948 4019 δὲ
1995 3968 2063 4020 τὸ
2110 3967 2374 4020 ἐπίθετον
2419 3970 2630 4020 inserui
2678 3987 2746 4021 ex
2788 3972 2853 4021 11.
2900 3972 2987 4021 Pr.
3036 3971 3048 4021 Ι
3100 3975 3216 4023 160.

627 4036 774 4102 ἀήτη
813 4037 992 4089 adieci
1028 4054 1096 4088 ex
1133 4038 1379 4102 Theogn.
1420 4038 1530 4096 117,
1572 4039 1758 4099 16,e1
1796 4036 1986 4086 eodem
2025 4043 2082 4087 et
2120 4035 2523 4102 St.13.Ar¹1·rn‚
2563 4029 3217 4103 ap.St.B.nuncAm·r']

628 4107 894 4235 {wigman
937 4105 1193 4223 Ῑεςιιηιιιιῃά
1227 4104 1326 4153 sed
1378 4104 1495 4221 eotd.
1541 4074 1869 4225 ΒεὲταΒοδοίι
1921 4105 2231 4223 δῗτζίτοιιοῐι
2269 4106 2581 4223 ⁴⁴{emigdum
2630 4111 3218 4225 ῧοειτιόιιιὲὲοεΒιιιοηοωὸ

682 4186 738 4224 ια
812 4187 847 4223 τ
922 4200 988 4208 -
1075 4186 1155 4223 απ
1195 4185 1286 4222 ται
1324 4187 1424 4222 sun
1488 4188 1555 4222 ex
2175 4189 2233 4223 ro
2319 4190 2414 4223 rea
2456 4191 2497 4222 ιι
2532 4189 2631 4224 ver
2670 4190 2717 4224 is
2752 4188 2786 4223 τ
3002 4187 3071 4224 ατ
3147 4189 3180 4224 τ

627 4243 730 4291 τοῦ
769 4188 950 4305 διήμιου
987 4241 1166 4306 posui,
1209 4255 1346 4304 quae
1383 4240 1654 4305 praebent
1691 4241 1769 4291 St.
1807 4242 1872 4294 Β.
1914 4244 1970 4290 et
2004 4242 2070 4291 Ε.
2104 4189 2177 4291 δὲ).
2220 4244 2333 4304 192,
2374 4245 2465 4291 13:
2505 4239 2682 4305 βάτην
2717 4241 2826 4306 τὴν
2860 4244 2970 4306 γῆν
3008 4189 3220 4306 Maen-

628 4322 919 4428 larua?
936 4308 2066 4459 dizssssiff‘ffl‘ssttffi.}¹⁶53sszffi15⁰3?
2107 4309 2687 4441 Εἳὲωέἶῗίἑῗωᾳὲἒέ
2713 4315 3099 4443 Ϋῗέἒρξέῃῗ
3130 4309 3221 4443 ἓίῗ

628 4446 877 4495 Ammon.
917 4461 970 4526 p.
1006 4445 1073 4494 94
1108 4445 1257 4494 inter
1292 4442 1492 4509 μιςητή
1531 4449 1588 4494 et
1625 4442 1825 4508 μιςήτη
1863 4445 2156 4505 statuitur,
2197 4445 2267 4494 ab
2292 4444 2611 4498 Herodiano
2649 4461 2757 4496 non
2794 4450 3030 4510 accepta
3066 4445 3221 4496 vide-

627 4518 741 4563 tur:
781 4509 980 4578 μιςητή
1019 4511 1108 4563 καὶ
1155 4510 1353 4577 μιςήτη
1399 4509 1650 4576 διαφέρει
1698 4510 1849 4576 παρὰ
1893 4514 2011 4563 τοῖς
2052 4511 2350 4575 Ἀττικοῖς,
2400 4511 2477 4563 ὥς
2524 4527 2657 4578 φηςι
2695 4512 2946 4577 Τρύφων
2991 4511 3054 4563 ἐν
3096 4513 3219 4563 δευ-

626 4580 778 4658 τέρῳ
815 4580 945 4645 περὶ
983 4578 1170 4632 Ἀττικ
1213 4594 1240 4631 ς
1286 4577 1623 4647 προςῳδίας·
1671 4578 1770 4630 ἐὰν
1818 4578 1921 4643 μὲν
1966 4578 2071 4644 γὰρ
2108 4578 2565 4643 ὸξυτονήςωμεν,
2612 4579 2863 4644 ςημαίνει
2907 4581 3017 4644 τὴν
3061 4577 3220 4632 ἀξίαν

630 4662 819 4710 μιςους
856 4647 1025 4713 (καθὰ
1060 4648 1149 4699 καὶ
1227 4651 1345 4710 μεῑς
1382 4647 1444 4699 ἐν
1480 4651 1551 4712 τῇ
1590 4645 1851 4713 ςυνηθείᾳ
1898 4646 2309 4712 προφέρομεν)·
2349 4646 2448 4697 ἐὰν
2484 4647 2546 4699 δὲ
2583 4647 3073 4714 βαρυτονήςωμεν,
3111 4648 3220 4710 τὴν

630 4718 922 4781 καταφερῆ
961 4715 1103 4781 πρὸς
1140 4713 1446 4768 ςυνουςίαν.
1487 4715 1597 4779 τὴν
1631 4713 1693 4767 δὲ
1716 4714 1993 4780 διαφορὰν
2016 4719 2138 4766 τῶν
2165 4714 2591 4780 ςημαινομένων
2628 4717 2718 4767 καὶ
2756 4715 2906 4781 παρὰ
2941 4713 3220 4781 Δωριεῠςί
