3664 5546
1204 289 1364 372 ι’τεΡι
1404 313 1795 370 κΑοοΛικιις
1832 309 2254 367 πΡοςΩιΔιΑς
2293 309 2373 363 ιΑ.
2944 302 3057 369 281

480 492 521 557 ἃ
565 491 805 571 ὤφειλε
835 488 1460 568 προπαροξύνεςθαι,
1505 484 1570 551 οἱ
1601 484 1865 549 Ἀττικοὶ
1893 481 2281 547 ἐκτείνοντες
2322 480 2399 544 τὸ
2446 483 2487 543 ᾶ
2517 479 2608 545 ῶς
2636 477 2708 543 ἐν
2736 483 2830 559 τῷ
2872 475 3071 555 ἱέρεια

479 594 684 673 ἱερεία
728 589 1213 670 παροξύνουςιν.

649 694 743 758 Τὰ
787 692 876 757 εἰς
919 694 961 755 ἆ
1005 690 1505 769 ςυνεςταλμένον
1550 690 1872 767 μονογενῆ
1905 687 2066 764 ὑπὲρ
2107 685 2228 749 δύο
2260 683 2574 764 ςυλλαβὰς
2603 681 3068 760 παραλήγοντα

479 803 557 880 τῇ
614 798 680 859 ffi
739 793 1074 875 διφθόγγῳ
1146 789 1733 871 προπαροξύνεται,
1801 787 2108 868 εὔνοια,
2175 788 2547 866 πρόνοια,
2613 783 2882 864 ἄνοια,
2946 781 3069 846 εὔ-

483 917 743 979 χροια,
789 894 1199 972 δύςχροια,
1246 892 1613 972 εὔπλοια,
1660 890 2075 972 δύςπλοια,
2119 888 2582 968 παλίρροια,
2640 884 3130 965 ἀπόρροια,5

484 998 958 1077 ὀρθόπνοια,
1014 993 1416 1059 δύςπνοια
1515 991 1801 1071 Εὔβοια
1863 993 2086 1072 νῆςος,
2155 987 2287 1054 ἀπὸ
2343 988 2624 1067 Εὐβοίας.
2723 986 3075 1065 Ἡρόδοτος

484 1099 573 1180 (5,
618 1097 746 1179 31).
836 1097 961 1161 ἔςτι
1005 1096 1109 1159 καὶ
1148 1095 1350 1159 τόπος
1394 1093 1464 1158 ἐν
1507 1094 1739 1170 Ἀργει.
1829 1091 1955 1156 ἔςτι
2004 1091 2105 1154 καὶ
2162 1091 2350 1155 πόλις
2406 1090 2477 1154 ἐν
2526 1088 2928 1171 Μακεδονίᾳ,
2986 1086 3075 1151 εἰς

486 1201 565 1277 ἣν
619 1198 683 1263 οί
735 1189 867 1262 ἆπό
922 1199 1035 1273 τῆς
1099 1196 1299 1274 νήςου
1362 1194 1451 1259 εἰς
1506 1193 1849 1271 Ἰλλυριοὺς
1912 1191 2274 1271 ἀποβάντες
2334 1192 2640 1271 Ἄβαντες
2708 1190 3073 1267 ἐκλήθηςαν.

489 1300 874 1380 Μελίβοια
938 1299 1123 1363 πόλις
1182 1296 1536 1362 Θεςςαλίας.
1636 1295 1936 1374 (τράβων
1993 1294 2201 1378 ἐνάτῳ
2255 1295 2347 1378 (p.
2389 1290 2561 1373 436).
2659 1290 3075 1371 Περίβοια,

489 1400 942 1481 Ετενόβοια,
998 1398 1386 1464 Ἀλίνδοια
1438 1396 1626 1461 πόλις
1682 1395 2101 1461 Μακεδονίας.
2202 1395 2483 1473 Βέροια
2536 1394 2724 1457 πόλις
2782 1393 3071 1457 Μακεδο-
3117 1399 3178 1448 10

489 1502 657 1584 νίας,
701 1502 782 1579 ἣν
826 1499 1097 1577 Φέρωνα
1140 1499 1333 1564 κτίςαι
1378 1492 1601 1580 (ῥαςίν,
1667 1497 1904 1561 αὐτοὺς
1950 1499 2020 1561 δὲ
2061 1497 2150 1560 τὸ
2196 1499 2247 1576 ᾧ
2304 1497 2393 1561 εἰε
2438 1483 2472 1576 β
2519 1498 2930 1576 μεταποιεῖν,
2986 1492 3075 1558 ὡς

488 1604 831 1681 Φάλακρον
878 1603 1213 1679 Βάλακρον
1267 1602 1369 1664 καὶ
1414 1600 1726 1693 Βίλιππον
1780 1600 1884 1663 καὶ
1932 1598 2298 1678 Κεβαλῖνον.
2388 1597 2574 1662 ἄλλοι
2635 1595 2768 1661 ἀπὸ
2815 1596 3077 1674 Βεροίας

490 1709 608 1769 τοῦ
653 1704 930 1782 Βέρητος
973 1705 1089 1767 τοῦ
1136 1701 1529 1766 Μακεδόνος.
1617 1701 1743 1765 ἔςτι
1799 1701 1903 1764 καὶ
1945 1701 2131 1764 πόλις
2175 1700 2415 1778 (Συρίας.
2505 1699 2833 1765 Ἐλίξοια
2886 1700 3078 1774 νῆςος

491 1804 940 1885 Ὑπερβορέων
1011 1803 1131 1867 οὐκ
1205 1802 1486 1867 ἐλάςςων
1554 1800 1832 1866 (ικελίας
1898 1802 2059 1879 ὑπὲρ
2137 1805 2430 1880 ποταμοῦ
2489 1800 2879 1879 Καραμβύκα.
2980 1796 3078 1862 οἷς

492 1906 856 1971 ἀκόλουθον
898 1905 975 1969 τὸ
1020 1904 1317 1986 ἔςςοια,
1361 1904 1718 1982 τρίττοια
1761 1905 1800 1982 ἡ
1832 1903 2040 1985 θυςία,
2086 1903 2220 1981 ἥτις
2263 1903 2333 1966 ἑκ
2375 1906 2570 1981 τριῶν
2621 1902 2807 1968 ζώων
2854 1900 3077 1965 ἐθύετο
3121 1905 3179 1955 15

491 2009 531 2086 ἢ
578 2007 676 2071 ὅτι
720 2010 972 2085 τριγενῆ
1030 2005 1110 2085 ἦν
1167 2006 1247 2070 τὰ
1301 2005 1596 2084 θυόμενα.
1684 2006 1760 2070 τὸ
1817 2006 1890 2070 δὲ
1933 2003 2155 2072 ν.εοία
2216 2004 2457 2084 μακρὸν
2513 2004 2668 2082 ἔχον
2711 2004 2788 2068 τὸ
2834 2005 2875 2065 ᾶ
2919 2021 3077 2080 παρ-

494 2109 800 2176 οξύνεται.
1198 2169 1205 2174 .

661 2210 754 2274 Τὰ
798 2208 886 2274 εἰς
930 2207 972 2273 ἆ
1016 2209 1517 2287 ςυνεςταλμένον
1563 2211 1885 2287 μονογενῆ
1917 2207 2078 2285 ὑπὲρ
2124 2208 2244 2271 δύο
2277 2207 2590 2287 ςυλλαβὰς
2620 2207 3080 2285 παραλήγοντα

492 2319 567 2396 τῇ
610 2314 679 2375 ’ῡῐ
732 2311 1066 2395 διφθόγγῳ
1120 2309 1706 2392 προπαροξύνεται,
1764 2309 2059 2387 ἅρπυια
2111 2310 2288 2387 παρὰ
2341 2309 2417 2373 τό
2473 2308 2691 2389 ἅρπω,
2750 2306 2829 2371 οὖ
2872 2307 3078 2385 παρά-

495 2434 712 2489 γωγον
767 2412 1047 2490 ἁρπάζω.
1147 2412 1273 2476 ἔςτι
1328 2412 1431 2475 καὶ
1484 2411 1672 2476 πόλις
1736 2411 1807 2475 έν
1867 2409 2134 2493 Ἰλλυρίᾳ
2189 2410 2351 2501 παρ’
2404 2409 2787 2491 Ἐγχελὲαις,
2855 2408 2945 2473 εἰς
2998 2408 3078 2485 ἣν
3115 2414 3184 2465 20

499 2515 723 2579 Βάτων
790 2513 828 2577 ὁ
885 2513 1279 2593 Ἀμφιαράου
1333 2513 1595 2592 ἡνίοχος
1659 2512 1813 2592 μετὰ
1881 2512 1997 2577 τὸν
2064 2510 2425 2591 ἀφανιςμόν
2496 2510 2696 2574 αὐτοῦ
2762 2509 3076 2593 ἀπῴκηςε.

499 2615 838 2693 Πολύβιος.
927 2614 1321 2679 Εἰλείθυια
1375 2615 1476 2679 καὶ
1519 2614 1925 2693 Εἰλήθυια·
1982 2613 2108 2678 ἔςτι
2154 2613 2255 2677 καὶ
2298 2611 2624 2690 Εἰληθυίας
2669 2611 2854 2676 πόλις
2896 2610 3079 2686 Αἰγυ-

500 2716 744 2795 πτιακή.
834 2713 1252 2797 Ὠρείθυια,
1298 2713 1592 2799 αἷθυια,
1639 2714 1902 2793 ἄγυια·
1947 2714 2313 2794 Ἡρακλέων
2369 2713 2408 2778 ὁ
2456 2712 2740 2778 Γλαύκου
2785 2712 2960 2791 παρὰ
3003 2713 3080 2777 τό

501 2814 638 2893 ἄγω
697 2816 915 2898 φηςίν·
979 2816 1106 2882 ἔςτι
1171 2819 1242 2881 δὲ
1311 2816 1401 2882 ὡς
1453 2819 1629 2896 παρὰ
1692 2818 1770 2882 τὸ
1827 2817 2014 2896 ἅρπω
2069 2816 2335 2899 ἅρπυια,
2403 2815 2615 2894 ὀρὲγω
2670 2814 2984 2897 ὄργυια,
3039 2814 3081 2877 ἃ

499 2922 935 2997 πληθυντικῶς
979 2918 1284 2986 ὀξύνεται.
1332 2921 1563 2999 «μέςην
1609 2918 1675 2985 ἐς
1720 2918 1991 2995 ἄγυιαν»
2040 2915 2148 3000 (Il.
2184 2918 2240 2981 Υ
2278 2915 2467 3000 254),
2516 2916 2961 2995 «ἐϋκτιμένας»
3010 2916 3081 2978 δὲ
3118 2924 3184 2974 25

502 3021 685 3084 «κατ’
728 3019 992 3096 ἀγυιάς»
1042 3018 1128 3103 (Ζ
1169 3017 1342 3102 391).
1429 3021 1683 3084 Ἴδυια
1769 3022 1847 3085 τὸ
1915 3021 1986 3084 δὲ
2030 3017 2362 3099 μητρυιά
2419 3018 2660 3097 μακρόν
2718 3017 2873 3095 ἔχον
2917 3017 2995 3081 τὸ
3040 3017 3082 3077 ἆ

499 3114 804 3187 ὀξύνεται.

668 3223 762 3286 Τὰ
805 3223 911 3287 διὰ
953 3227 1072 3288 τοῦ
1116 3226 1223 3286 fisci
1278 3226 1600 3303 μονογενῆ
1657 3224 1900 3303 μακρὸν
1955 3223 2192 3301 ἔχοντα
2243 3223 2319 3286 τὸ
2364 3225 2406 3284 ἃ
2449 3221 2905 3302 παροξύνεται,
2964 3230 3120 3285 ςε-.·

505 3324 813 3405 ληναία,
869 3323 1231 3408 ἁμαξαία,
1290 3325 1667 3404 Γενηταία
1719 3324 1884 3403 ἄκρα
1941 3326 2030 3390 ῶς
2076 3323 2512 3389 Ἀπολλώνιος
2570 3320 2962 3407 (Argonaut.
3009 3318 3080 3385 II

637 3613 673 3665 l.
701 3615 733 3664 3
768 3611 1038 3662 Arcadius
1070 3612 1241 3663 habet
1275 3618 1491 3665 tantum
1530 3613 1638 3664 duo
1662 3615 1837 3679 prima
1861 3614 2157 3675 vocabula,
2199 3613 2419 3678 explevi
2443 3630 2706 3665 canonem
2744 3631 2810 3665 ex
2836 3614 3083 3679 Theogn.

507 3683 619 3741 103,
658 3682 690 3731 ὀ
726 3695 898 3745 seqq„
934 3680 1015 3729 ita
1051 3685 1114 3729 ut
1150 3678 1367 3744 Εὔβοια,
1406 3679 1676 3745 Μελίβοια
1721 3682 1997 3747 explerem
2033 3698 2100 3732 ex
2138 3682 2217 3731 St.
2242 3683 2322 3744 Β.,
2363 3680 2657 3745 Ἀλίνδοια,
2696 3682 2909 3747 Βέροια,
2951 3680 3082 3734 Ἐλί-

503 3748 623 3799 ξοια
660 3764 727 3798 ex
763 3747 954 3798 eodem
992 3746 1263 3802 adderem.
1308 3750 1381 3801 of.
1421 3750 1604 3801 Diehr.
1640 3753 1767 3811 289,
1807 3754 1856 3804 6.
2065 3749 2098 3802 1.
2141 3752 2203 3800 15
2248 3747 2426 3800 ἔςςοια
2461 3749 2605 3801 idem
2649 3751 2872 3802 videtur
2915 3756 3082 3812 atque

504 3812 650 3867 ὲςςία
687 3817 719 3864 i.
759 3832 806 3865 e.
843 3813 1000 3866 οὐςία
1039 3831 1160 3866 esse
1198 3816 1270 3867 cf.
1312 3817 1476 3867 Plato
1513 3817 1723 3882 Cratyl.
1760 3833 1809 3882 p.
1848 3820 1965 3877 401,
2006 3820 2084 3870 10.
2136 3817 2202 3867 de
2238 3814 2490 3880 τρίττοια
2525 3819 2593 3868 cf.
2639 3819 2773 3868 Lob.
2808 3818 2888 3867 El.
2927 3818 2983 3868 11
3019 3821 3085 3867 25

504 3890 617 3933 not.
656 3888 706 3943 5,
744 3883 811 3933 de
849 3881 1005 3933 νεοία
1042 3882 1106 3934 11.
1147 3885 1236 3933 Pr.
1272 3883 1321 3935 Ψ
1355 3886 1479 3934 604:
1526 3882 1681 3949 νεοίη
1721 3884 1799 3936 ὡς
1848 3882 2013 3949 ὁμοίη
2055 3883 2228 4004 Ξλέγει
2274 3884 2334 3935 δὲ
2379 3886 2487 3949 τὴν
2534 3884 2780 3949 νεότητα
2818 3886 3084 3935 Lehrsius

504 3949 754 4015 inseritJ·
792 3948 845 4002 οἱ
880 3949 940 4001 δὲ
981 3949 1112 4012 μετ’
1145 3949 1326 4003 αὐτὸν
1361 3949 1441 4003 ὡς
1486 3950 1580 4003 ἐπὶ
1616 3953 1881 4004 πλεῑςτον
1928 3967 2053 4004 νεοε
2078 3966 2148 4002 αν
2187 3952 2385 4015 (Lehrs
2430 3953 2537 4017 τὴν
2582 3951 2800 4018 ἄνοιαν)
2839 3951 3081 4013 λέγουςι·

502 4018 631 4082 περὶ
666 4017 726 4068 δὲ
761 4019 864 4082 τῆς
900 4016 1106 4070 λέξεως
1144 4015 1192 4069 εί
1227 4017 1399 4081 ὑγιῶς
1436 4018 1849 4084 ἑςχημάτιςται,
1898 4019 1959 4073 ἐν
2002 4023 2088 4085 τῷ
2134 4023 2459 4085 προτατικῷ
2507 4018 2758 4084 ἑζήτηςα.
2830 4018 2976 4070 ἅπαξ
3022 4018 3084 4070 δὲ

504 4083 777 4150 ἐχρήςατο
814 4088 884 4151 τῇ
923 4085 1080 4138 λέξει.
1219 4086 1255 4136 l..
1298 4091 1359 4137 19
1396 4085 1603 4151 ἅρπυια
1641 4088 1859 4154 explevi
1897 4104 1963 4138 ex
2003 4089 2090 4137 Et.
2115 4086 2303 4140 Orion.
2340 4090 2438 4147 28,
2469 4090 2549 4149 17,
2586 4088 2680 4139 ubi
2715 4086 2962 4138 additum
2999 4094 3084 4137 est

502 4153 690 4204 οὕτως
727 4152 1095 4217 Ἡρωδιανός,
1132 4152 1375 4218 Ἅρπυια
1412 4154 1573 4208 πόλις
1612 4173 1680 4206 ex
1717 4158 1796 4205 St.
1837 4156 1897 4205 B.
1934 4155 2135 4215 adieci,
2174 4152 2445 4206 Εἰλείθυια
2483 4171 2548 4205 ex
2585 4157 2688 4220 Ep.
2726 4156 2814 4208 Cr.
2853 4156 2880 4205 1
2920 4156 2967 4213 1,
3005 4154 3082 4209 12,

503 4218 763 4284 Είλήθυια
799 4238 866 4271 ox
902 4222 1147 4286 Theogn.
1175 4224 1292 4283 102,
1317 4224 1400 4284 28,
1438 4220 1729 4288 Εἰληθυίας
1768 4222 1930 4274 πόλις
1969 4238 2035 4272 ex
2071 4221 2151 4271 St.
2178 4222 2262 4281 Β.,
2303 4220 2574 4285 Ὠρείθυια
2612 4239 2678 4273 ex
2714 4223 2815 4287 Ep.
2854 4221 2890 4273 l.
2928 4238 2972 4271 c.
3010 4221 3082 4271 of.

504 4290 567 4338 E.
603 4290 677 4340 M.
717 4291 797 4351 14,
835 4291 918 4353 21,
954 4289 1100 4340 unde
1146 4294 1305 4355 patet
1338 4290 1560 4342 Arcadii
1604 4292 1774 4343 verba
1816 4288 1853 4340 ἃ
1899 4289 2296 4350 πληθυντικῶς
2343 4287 2599 4340 ὀξύνεται
2645 4290 2921 4354 pertinere
2967 4293 3084 4338 tan·

504 4359 618 4406 tum
653 4356 726 4407 ad
761 4355 926 4419 ἆγυια
974 4361 1031 4407 et
1075 4356 1284 4421 ὃργυια.
1354 4385 1418 4394 -
1454 4358 1488 4409 1.
1523 4363 1589 4411 23
1634 4358 1805 4410 verba
1850 4353 2175 4421 Ἡρακλέων
2225 4382 2284 4389 —-
2329 4355 2514 4419 ὀρέγω
2561 4373 2629 4409 ex
2666 4358 2746 4407 St.
2781 4358 2842 4407 Β.
2875 4358 2965 4419 22,
3005 4359 3083 4406 10.

506 4425 690 4475 Verba
734 4424 1032 4475 Homerica
1077 4427 1433 4477 usum‘vocie
1477 4424 1640 4490 ἄγυια
1685 4423 2098 4488 comprobantia
2142 4423 2318 4473 adieci
2363 4440 2430 4474 ex
2475 4424 2540 4475 ΙΙ.
2588 4424 2679 4475 Pr.
2723 4423 2770 4475 Z
2816 4426 2942 4485 422,
2988 4424 3083 4474 ubi

505 4491 743 4542 traditur
776 4492 1151 4543 Aristarchum
1185 4492 1327 4543 hunc
1363 4502 1626 4545 accentus
1661 4491 2096 4543 catabibasmum
2134 4491 2417 4542 statuisse.
2467 4490 2633 4542 Ἴδυια
2670 4498 2757 4543 est
2782 4508 2849 4543 ex
2874 4506 3082 4542 canone

507 4559 927 4625 orthographiae
964 4561 1022 4610 in
1056 4560 1158 4610 An.
1195 4559 1297 4611 Ox.
1330 4561 1388 4611 11
1423 4564 1539 4623 323,
1580 4565 1667 4613 13:
1706 4557 2033 4622 εὐρυάγυιαε
2071 4557 2143 4609 τὰ
2178 4557 2266 4609 διὰ
2301 4561 2404 4609 τοῦ
2445 4562 2542 4611 ‘tn—td
2579 4561 2611 4610 θ
2654 4558 2795 4610 λυκὰ
2830 4557 3083 4622 ὀνόματα

507 4623 648 4691 ὑπὲρ
692 4625 793 4678 δύο
838 4627 1112 4691 ςυλλαβὰς
1156 4627 1623 4692 προπαροξύτονα
1678 4626 1747 4677 τὸ
1795 4628 1827 4676 ἴ
1873 4624 2089 4677 θέλουςι
2136 4625 2550 4690 παραλήγεςθαι
2593 4642 2625 4678 ο
2651 4641 2717 4677 ον
2763 4624 2908 4677 ἷδυια
2956 4626 3082 4687 (ser.

508 4690 698 4757 Ἰδυια,
752 4696 809 4745 in
854 4696 1080 4747 Hesiod.
1127 4694 1310 4759 theog.
1356 4699 1455 4747 325
1510 4704 1566 4747 et
1610 4697 1712 4747 900
1756 4692 1916 4744 Ἰδυῑα
1970 4695 2233 4758 scriptum
2287 4695 2422 4755 est),
2470 4692 2731 4758 Εἰλήθυια
2788 4694 2909 4760 (pro
2958 4692 3082 4756 Ἰλ.),

510 4758 779 4824 Ὠρείθυια
815 4761 936 4828 (pro
972 4761 1251 4827 ὀρόθυια),
1288 4760 1529 4826 ἀμάθυια
1564 4763 1689 4828 (scr.
1727 4758 1931 4826 ἀγυιά).
2094 4761 2126 4811 Ι.
2165 4764 2230 4812 29
2265 4759 2502 4824 ἁμαξαία
2544 4759 2812 4828 Γενηταία
2851 4767 2978 4813 sunt
3017 4778 3085 4812 ex
