<?xml version="1.0" encoding="UTF-8"?>
<!DOCTYPE html PUBLIC "-//W3C//DTD XHTML 1.0 Transitional//EN"
    "http://www.w3.org/TR/xhtml1/DTD/xhtml1-transitional.dtd">
<html xmlns="http://www.w3.org/1999/xhtml" xml:lang="en" lang="en">
 <head>
  <title>
</title>
<meta http-equiv="Content-Type" content="text/html;charset=utf-8" />
  <meta name='ocr-system' content='tesseract 3.04.00' />
  <meta name='ocr-capabilities' content='ocr_page ocr_carea ocr_par ocr_line ocrx_word'/>
</head>
<body>
  <div class='ocr_page' id='page_1' title='image "./grammaticigraec02unkngoog_0604.png"; bbox 0 0 3664 5546; ppageno 0'>
   <div class='ocr_carea' id='block_1_1' title="bbox 574 322 2229 393">
    <p class='ocr_par' dir='ltr' id='par_1_1' title="bbox 574 322 2229 393">
     <span class='ocr_line' id='line_1_1' title="bbox 574 322 2229 393; baseline -0.003 -13"><span class='ocrx_word' id='word_1_1' title='bbox 574 326 701 393; x_wconf 82' lang='lat'>358</span> <span class='ocrx_word' id='word_1_2' title='bbox 1513 325 1596 379; x_wconf 87' lang='grc' dir='ltr'>ΕΚ</span> <span class='ocrx_word' id='word_1_3' title='bbox 1634 323 1776 377; x_wconf 86' lang='grc' dir='ltr'>ΤΩΝ</span> <span class='ocrx_word' id='word_1_4' title='bbox 1817 322 2229 377; x_wconf 87' lang='grc' dir='ltr'>ΗΡΩΔΙΑΝΟΥ</span> 
     </span>
    </p>
   </div>
   <div class='ocr_carea' id='block_1_2' title="bbox 474 491 3169 3010">
    <p class='ocr_par' dir='ltr' id='par_1_2' title="bbox 510 491 3167 1390">
     <span class='ocr_line' id='line_1_2' title="bbox 572 491 3167 590; baseline -0.001 -28"><span class='ocrx_word' id='word_1_5' title='bbox 572 497 1061 576; x_wconf 84' lang='grc' dir='ltr'>παροξυνόμενα</span> <span class='ocrx_word' id='word_1_6' title='bbox 1104 496 1316 576; x_wconf 85' lang='grc' dir='ltr'>ὥςπερ</span> <span class='ocrx_word' id='word_1_7' title='bbox 1359 496 1436 561; x_wconf 88' lang='grc' dir='ltr'>τὸ</span> <span class='ocrx_word' id='word_1_8' title='bbox 1481 493 1702 560; x_wconf 84' lang='grc' dir='ltr'>ἰνίον.</span> <span class='ocrx_word' id='word_1_9' title='bbox 1775 493 1853 558; x_wconf 87' lang='grc' dir='ltr'>τὸ</span> <span class='ocrx_word' id='word_1_10' title='bbox 1898 493 2020 573; x_wconf 82' lang='grc' dir='ltr'>γὰρ</span> <span class='ocrx_word' id='word_1_11' title='bbox 2064 492 2367 574; x_wconf 88' lang='grc' dir='ltr'>τειχίον</span> <span class='ocrx_word' id='word_1_12' title='bbox 2414 491 2901 590; x_wconf 72' lang='grc' dir='ltr'>ύποκοριςτικὸν</span> <span class='ocrx_word' id='word_1_13' title='bbox 2946 493 3046 559; x_wconf 89' lang='grc' dir='ltr'>καὶ</span> <span class='ocrx_word' id='word_1_14' title='bbox 3086 495 3167 560; x_wconf 85' lang='grc' dir='ltr'>τὸ</span> 
     </span>
     <span class='ocr_line' id='line_1_3' title="bbox 572 599 945 664; baseline -0.003 0"><span class='ocrx_word' id='word_1_15' title='bbox 572 599 945 664; x_wconf 88' lang='grc' dir='ltr'>κλειδίον.</span> 
     </span>
     <span class='ocr_line' id='line_1_4' title="bbox 626 699 3165 788; baseline 0 -26"><span class='ocrx_word' id='word_1_16' title='bbox 626 743 634 750; x_wconf 88' lang='lat'>-</span> <span class='ocrx_word' id='word_1_17' title='bbox 741 726 781 762; x_wconf 65' lang='grc' dir='ltr'>ιι</span> <span class='ocrx_word' id='word_1_18' title='bbox 823 701 919 764; x_wconf 87' lang='grc' dir='ltr'>Τὰ</span> <span class='ocrx_word' id='word_1_19' title='bbox 962 700 1068 766; x_wconf 86' lang='grc' dir='ltr'>διὰ</span> <span class='ocrx_word' id='word_1_20' title='bbox 1110 703 1227 765; x_wconf 83' lang='grc' dir='ltr'>τοῦ</span> <span class='ocrx_word' id='word_1_21' title='bbox 1270 702 1382 765; x_wconf 73' lang='grc' dir='ltr'>ΐο-ιῐ</span> <span class='ocrx_word' id='word_1_22' title='bbox 1423 699 1806 780; x_wconf 88' lang='grc' dir='ltr'>τριςύλλαβα</span> <span class='ocrx_word' id='word_1_23' title='bbox 1850 699 2284 788; x_wconf 86' lang='grc' dir='ltr'>προςηγορικὰ</span> <span class='ocrx_word' id='word_1_24' title='bbox 2338 699 2574 778; x_wconf 85' lang='grc' dir='ltr'>ἔχοντα</span> <span class='ocrx_word' id='word_1_25' title='bbox 2618 700 2746 778; x_wconf 88' lang='grc' dir='ltr'>πρὸ</span> <span class='ocrx_word' id='word_1_26' title='bbox 2803 703 2922 764; x_wconf 85' lang='grc' dir='ltr'>τοῦ</span> <span class='ocrx_word' id='word_1_27' title='bbox 2966 702 2999 763; x_wconf 72' lang='grc' dir='ltr'>ἰ</span> <span class='ocrx_word' id='word_1_28' title='bbox 3044 699 3165 764; x_wconf 93' lang='grc' dir='ltr'>δύο</span> 
     </span>
     <span class='ocr_line' id='line_1_5' title="bbox 571 801 3165 884; baseline -0.001 -17"><span class='ocrx_word' id='word_1_29' title='bbox 571 802 883 884; x_wconf 83' lang='grc' dir='ltr'>ςύμφωνα</span> <span class='ocrx_word' id='word_1_30' title='bbox 925 804 963 881; x_wconf 88' lang='grc' dir='ltr'>ἢ</span> <span class='ocrx_word' id='word_1_31' title='bbox 1009 801 1167 867; x_wconf 89' lang='grc' dir='ltr'>κατὰ</span> <span class='ocrx_word' id='word_1_32' title='bbox 1212 803 1527 881; x_wconf 88' lang='grc' dir='ltr'>ςύλληψιν</span> <span class='ocrx_word' id='word_1_33' title='bbox 1572 803 1610 880; x_wconf 84' lang='grc' dir='ltr'>ἢ</span> <span class='ocrx_word' id='word_1_34' title='bbox 1656 802 1815 866; x_wconf 89' lang='grc' dir='ltr'>κατὰ</span> <span class='ocrx_word' id='word_1_35' title='bbox 1847 802 2163 867; x_wconf 90' lang='grc' dir='ltr'>διάςταςιν</span> <span class='ocrx_word' id='word_1_36' title='bbox 2209 802 2671 879; x_wconf 88' lang='grc' dir='ltr'>παροξύνεςθαι</span> <span class='ocrx_word' id='word_1_37' title='bbox 2716 802 2918 883; x_wconf 93' lang='grc' dir='ltr'>θέλει,</span> <span class='ocrx_word' id='word_1_38' title='bbox 2964 801 3165 866; x_wconf 85' lang='grc' dir='ltr'>ὁπότε</span> 
     </span>
     <span class='ocr_line' id='line_1_6' title="bbox 510 901 3164 986; baseline 0 -20"><span class='ocrx_word' id='word_1_39' title='bbox 510 906 702 983; x_wconf 82' lang='grc' dir='ltr'>5πρὸ</span> <span class='ocrx_word' id='word_1_40' title='bbox 756 908 875 970; x_wconf 83' lang='grc' dir='ltr'>τοῦ</span> <span class='ocrx_word' id='word_1_41' title='bbox 929 905 962 966; x_wconf 86' lang='grc' dir='ltr'>ἶ</span> <span class='ocrx_word' id='word_1_42' title='bbox 1016 905 1137 969; x_wconf 84' lang='grc' dir='ltr'>οὐκ</span> <span class='ocrx_word' id='word_1_43' title='bbox 1200 904 1367 969; x_wconf 83' lang='grc' dir='ltr'>ἔςτιν</span> <span class='ocrx_word' id='word_1_44' title='bbox 1423 902 1826 983; x_wconf 86' lang='grc' dir='ltr'>ἀμετάβολον</span> <span class='ocrx_word' id='word_1_45' title='bbox 1895 901 2040 968; x_wconf 87' lang='grc' dir='ltr'>οἷον</span> <span class='ocrx_word' id='word_1_46' title='bbox 2096 902 2387 985; x_wconf 85' lang='grc' dir='ltr'>ἱςτίον,</span> <span class='ocrx_word' id='word_1_47' title='bbox 2455 903 2812 984; x_wconf 85' lang='grc' dir='ltr'>κυμβίον,</span> <span class='ocrx_word' id='word_1_48' title='bbox 2878 903 3164 986; x_wconf 87' lang='grc' dir='ltr'>ἰςχίον,</span> 
     </span>
     <span class='ocr_line' id='line_1_7' title="bbox 571 1003 3163 1086; baseline -0.001 -16"><span class='ocrx_word' id='word_1_49' title='bbox 571 1005 853 1086; x_wconf 86' lang='grc' dir='ltr'>ἑρκίον.</span> <span class='ocrx_word' id='word_1_50' title='bbox 925 1004 1001 1070; x_wconf 90' lang='grc' dir='ltr'>τὸ</span> <span class='ocrx_word' id='word_1_51' title='bbox 1046 1006 1262 1085; x_wconf 86' lang='grc' dir='ltr'>μέντοι</span> <span class='ocrx_word' id='word_1_52' title='bbox 1308 1003 1581 1083; x_wconf 88' lang='grc' dir='ltr'>ὅρκιον</span> <span class='ocrx_word' id='word_1_53' title='bbox 1626 1004 2288 1085; x_wconf 87' lang='grc' dir='ltr'>προπαροξυνόμενον</span> <span class='ocrx_word' id='word_1_54' title='bbox 2333 1008 2626 1083; x_wconf 83' lang='grc' dir='ltr'>κτητικοῦ</span> <span class='ocrx_word' id='word_1_55' title='bbox 2668 1003 2879 1069; x_wconf 87' lang='grc' dir='ltr'>τύπου</span> <span class='ocrx_word' id='word_1_56' title='bbox 2924 1004 3163 1083; x_wconf 84' lang='grc' dir='ltr'>ἔχεται·</span> 
     </span>
     <span class='ocr_line' id='line_1_8' title="bbox 574 1094 3164 1189; baseline -0 -18"><span class='ocrx_word' id='word_1_57' title='bbox 574 1107 716 1171; x_wconf 79' lang='grc' dir='ltr'>ἐπεὶ</span> <span class='ocrx_word' id='word_1_58' title='bbox 758 1108 830 1171; x_wconf 79' lang='grc' dir='ltr'>δὲ</span> <span class='ocrx_word' id='word_1_59' title='bbox 858 1106 1272 1186; x_wconf 81' lang='grc' dir='ltr'>,ταύτόςημόν</span> <span class='ocrx_word' id='word_1_60' title='bbox 1319 1094 1445 1171; x_wconf 82' lang='grc' dir='ltr'>ἐςτι</span> <span class='ocrx_word' id='word_1_61' title='bbox 1491 1112 1582 1189; x_wconf 83' lang='grc' dir='ltr'>τῷ</span> <span class='ocrx_word' id='word_1_62' title='bbox 1629 1105 1823 1189; x_wconf 86' lang='grc' dir='ltr'>ὅρκῳ,</span> <span class='ocrx_word' id='word_1_63' title='bbox 1869 1105 2240 1189; x_wconf 85' lang='grc' dir='ltr'>παρωνύμῳ</span> <span class='ocrx_word' id='word_1_64' title='bbox 2286 1104 2441 1170; x_wconf 84' lang='grc' dir='ltr'>εἴδει</span> <span class='ocrx_word' id='word_1_65' title='bbox 2474 1106 3008 1171; x_wconf 85' lang='grc' dir='ltr'>ύποπεπτωκέναι</span> <span class='ocrx_word' id='word_1_66' title='bbox 3039 1127 3164 1187; x_wconf 88' lang='grc' dir='ltr'>φα-</span> 
     </span>
     <span class='ocr_line' id='line_1_9' title="bbox 572 1205 3167 1289; baseline -0 -16"><span class='ocrx_word' id='word_1_67' title='bbox 572 1210 687 1288; x_wconf 78' lang='grc' dir='ltr'>μὲν</span> <span class='ocrx_word' id='word_1_68' title='bbox 746 1207 837 1273; x_wconf 77' lang='grc' dir='ltr'>ὡς</span> <span class='ocrx_word' id='word_1_69' title='bbox 892 1209 968 1273; x_wconf 89' lang='grc' dir='ltr'>τὸ</span> <span class='ocrx_word' id='word_1_70' title='bbox 1022 1207 1361 1289; x_wconf 89' lang='grc' dir='ltr'>Αἰτώλιος,</span> <span class='ocrx_word' id='word_1_71' title='bbox 1418 1207 1715 1289; x_wconf 88' lang='grc' dir='ltr'>κάπριος,</span> <span class='ocrx_word' id='word_1_72' title='bbox 1771 1206 2043 1287; x_wconf 81' lang='grc' dir='ltr'>αἰζήϊος·</span> <span class='ocrx_word' id='word_1_73' title='bbox 2109 1206 2299 1273; x_wconf 84' lang='grc' dir='ltr'>εἷπον</span> <span class='ocrx_word' id='word_1_74' title='bbox 2356 1207 2557 1273; x_wconf 86' lang='grc' dir='ltr'>ὁπότε</span> <span class='ocrx_word' id='word_1_75' title='bbox 2613 1205 2741 1286; x_wconf 90' lang='grc' dir='ltr'>πρὸ</span> <span class='ocrx_word' id='word_1_76' title='bbox 2795 1211 2913 1272; x_wconf 85' lang='grc' dir='ltr'>τοῦ</span> <span class='ocrx_word' id='word_1_77' title='bbox 2956 1209 2989 1271; x_wconf 87' lang='grc' dir='ltr'>ἶ</span> <span class='ocrx_word' id='word_1_78' title='bbox 3046 1206 3167 1272; x_wconf 83' lang='grc' dir='ltr'>οὐκ</span> 
     </span>
     <span class='ocr_line' id='line_1_10' title="bbox 574 1307 2267 1390; baseline -0.001 -15"><span class='ocrx_word' id='word_1_79' title='bbox 574 1310 743 1376; x_wconf 85' lang='grc' dir='ltr'>ἔςτιν</span> <span class='ocrx_word' id='word_1_80' title='bbox 789 1309 1222 1390; x_wconf 88' lang='grc' dir='ltr'>ἀμετάβολον,</span> <span class='ocrx_word' id='word_1_81' title='bbox 1271 1309 1376 1373; x_wconf 89' lang='grc' dir='ltr'>διὰ</span> <span class='ocrx_word' id='word_1_82' title='bbox 1418 1309 1493 1374; x_wconf 87' lang='grc' dir='ltr'>τὸ</span> <span class='ocrx_word' id='word_1_83' title='bbox 1537 1307 1795 1387; x_wconf 84' lang='grc' dir='ltr'>ἴκριον</span> <span class='ocrx_word' id='word_1_84' title='bbox 1842 1310 1944 1374; x_wconf 88' lang='grc' dir='ltr'>καὶ</span> <span class='ocrx_word' id='word_1_85' title='bbox 1987 1308 2267 1388; x_wconf 86' lang='grc' dir='ltr'>ἴχνιον.</span> 
     </span>
    </p>

    <p class='ocr_par' dir='ltr' id='par_1_3' title="bbox 474 1409 3166 1899">
     <span class='ocr_line' id='line_1_11' title="bbox 474 1409 3166 1493; baseline 0.001 -19"><span class='ocrx_word' id='word_1_86' title='bbox 474 1422 539 1475; x_wconf 84' lang='grc'>10</span> <span class='ocrx_word' id='word_1_87' title='bbox 742 1412 837 1476; x_wconf 88' lang='grc' dir='ltr'>Τὰ</span> <span class='ocrx_word' id='word_1_88' title='bbox 881 1412 986 1476; x_wconf 87' lang='grc' dir='ltr'>διὰ</span> <span class='ocrx_word' id='word_1_89' title='bbox 1027 1415 1145 1476; x_wconf 84' lang='grc' dir='ltr'>τοῦ</span> <span class='ocrx_word' id='word_1_90' title='bbox 1190 1414 1292 1475; x_wconf 58' lang='grc' dir='ltr'>Γοῑ</span> <span class='ocrx_word' id='word_1_91' title='bbox 1336 1409 1718 1491; x_wconf 88' lang='grc' dir='ltr'>τριςύλλαβα</span> <span class='ocrx_word' id='word_1_92' title='bbox 1762 1410 1946 1489; x_wconf 92' lang='grc' dir='ltr'>κύρια</span> <span class='ocrx_word' id='word_1_93' title='bbox 1992 1409 2631 1493; x_wconf 80' lang='grc' dir='ltr'>προπαροξύνονται,</span> <span class='ocrx_word' id='word_1_94' title='bbox 2687 1411 2925 1476; x_wconf 87' lang='grc' dir='ltr'>Ἴλιον</span> <span class='ocrx_word' id='word_1_95' title='bbox 2978 1409 3166 1476; x_wconf 88' lang='grc' dir='ltr'>πόλις</span> 
     </span>
     <span class='ocr_line' id='line_1_12' title="bbox 574 1510 3162 1596; baseline -0 -19"><span class='ocrx_word' id='word_1_96' title='bbox 574 1511 886 1596; x_wconf 80' lang='grc' dir='ltr'>Τρῳάδος</span> <span class='ocrx_word' id='word_1_97' title='bbox 940 1510 1072 1577; x_wconf 88' lang='grc' dir='ltr'>ἀπὸ</span> <span class='ocrx_word' id='word_1_98' title='bbox 1126 1513 1330 1595; x_wconf 86' lang='grc' dir='ltr'>Ἴλου,</span> <span class='ocrx_word' id='word_1_99' title='bbox 1395 1513 1474 1590; x_wconf 85' lang='grc' dir='ltr'>ἣν</span> <span class='ocrx_word' id='word_1_100' title='bbox 1543 1511 1605 1576; x_wconf 78' lang='grc' dir='ltr'>οἱ</span> <span class='ocrx_word' id='word_1_101' title='bbox 1659 1513 1877 1591; x_wconf 85' lang='grc' dir='ltr'>Τρῶες</span> <span class='ocrx_word' id='word_1_102' title='bbox 1930 1512 2125 1590; x_wconf 87' lang='grc' dir='ltr'>Ἄτην</span> <span class='ocrx_word' id='word_1_103' title='bbox 2180 1512 2455 1577; x_wconf 83' lang='grc' dir='ltr'>ἐκάλουν</span> <span class='ocrx_word' id='word_1_104' title='bbox 2523 1512 2625 1576; x_wconf 86' lang='grc' dir='ltr'>καὶ</span> <span class='ocrx_word' id='word_1_105' title='bbox 2680 1513 2870 1590; x_wconf 85' lang='grc' dir='ltr'>Ἄτης</span> <span class='ocrx_word' id='word_1_106' title='bbox 2934 1512 3162 1592; x_wconf 89' lang='grc' dir='ltr'>λόφον.</span> 
     </span>
     <span class='ocr_line' id='line_1_13' title="bbox 578 1601 3161 1697; baseline -0 -18"><span class='ocrx_word' id='word_1_107' title='bbox 578 1613 938 1693; x_wconf 82' lang='grc' dir='ltr'>οὐδετέρως</span> <span class='ocrx_word' id='word_1_108' title='bbox 983 1614 1158 1692; x_wconf 87' lang='grc' dir='ltr'>παρὰ</span> <span class='ocrx_word' id='word_1_109' title='bbox 1202 1617 1381 1696; x_wconf 75' lang='grc' dir='ltr'>πᾶςι,</span> <span class='ocrx_word' id='word_1_110' title='bbox 1429 1614 1588 1692; x_wconf 85' lang='grc' dir='ltr'>παρ’</span> <span class='ocrx_word' id='word_1_111' title='bbox 1618 1611 1876 1697; x_wconf 83' lang='grc' dir='ltr'>Ὁμήρῳ</span> <span class='ocrx_word' id='word_1_112' title='bbox 1923 1611 1994 1677; x_wconf 76' lang='grc' dir='ltr'>δὲ</span> <span class='ocrx_word' id='word_1_113' title='bbox 2039 1616 2344 1692; x_wconf 86' lang='grc' dir='ltr'>θηλυκῶς.</span> <span class='ocrx_word' id='word_1_114' title='bbox 2410 1614 2487 1678; x_wconf 89' lang='grc' dir='ltr'>τὸ</span> <span class='ocrx_word' id='word_1_115' title='bbox 2531 1601 2925 1691; x_wconf 66' lang='grc' dir='ltr'>γὰρ’«Ἴλιον</span> <span class='ocrx_word' id='word_1_116' title='bbox 2970 1613 3161 1678; x_wconf 75' lang='grc' dir='ltr'>αἰπύ»</span> 
     </span>
     <span class='ocr_line' id='line_1_14' title="bbox 577 1713 3163 1799; baseline 0.001 -22"><span class='ocrx_word' id='word_1_117' title='bbox 577 1713 686 1797; x_wconf 87' lang='grc' dir='ltr'>(ΙΙ.</span> <span class='ocrx_word' id='word_1_118' title='bbox 721 1714 772 1779; x_wconf 93' lang='grc' dir='ltr'>Ο</span> <span class='ocrx_word' id='word_1_119' title='bbox 806 1715 914 1797; x_wconf 88' lang='grc'>71)</span> <span class='ocrx_word' id='word_1_120' title='bbox 945 1714 1196 1781; x_wconf 86' lang='grc' dir='ltr'>νοθεύει</span> <span class='ocrx_word' id='word_1_121' title='bbox 1229 1714 1646 1793; x_wconf 84' lang='grc' dir='ltr'>Ἀρίςταρχος.</span> <span class='ocrx_word' id='word_1_122' title='bbox 1703 1715 1969 1793; x_wconf 89' lang='grc' dir='ltr'>δευτέρα</span> <span class='ocrx_word' id='word_1_123' title='bbox 1998 1715 2070 1779; x_wconf 82' lang='grc' dir='ltr'>ἐν</span> <span class='ocrx_word' id='word_1_124' title='bbox 2099 1721 2175 1798; x_wconf 83' lang='grc' dir='ltr'>τῇ</span> <span class='ocrx_word' id='word_1_125' title='bbox 2205 1714 2603 1793; x_wconf 77' lang='grc' dir='ltr'>Προποντίδι</span> <span class='ocrx_word' id='word_1_126' title='bbox 2635 1713 2811 1792; x_wconf 88' lang='grc' dir='ltr'>παρὰ</span> <span class='ocrx_word' id='word_1_127' title='bbox 2840 1714 3163 1799; x_wconf 90' lang='grc' dir='ltr'>Ῥυνδάκῳ</span> 
     </span>
     <span class='ocr_line' id='line_1_15' title="bbox 579 1814 3164 1899; baseline 0 -18"><span class='ocrx_word' id='word_1_128' title='bbox 579 1821 865 1899; x_wconf 83' lang='grc' dir='ltr'>ποταμῷ.</span> <span class='ocrx_word' id='word_1_129' title='bbox 930 1817 1105 1895; x_wconf 89' lang='grc' dir='ltr'>τρίτη</span> <span class='ocrx_word' id='word_1_130' title='bbox 1152 1815 1553 1881; x_wconf 90' lang='grc' dir='ltr'>Μακεδονίας</span> <span class='ocrx_word' id='word_1_131' title='bbox 1597 1815 1858 1881; x_wconf 82' lang='grc' dir='ltr'>Ἑλένου</span> <span class='ocrx_word' id='word_1_132' title='bbox 1902 1816 2131 1895; x_wconf 91' lang='grc' dir='ltr'>κτίςμα.</span> <span class='ocrx_word' id='word_1_133' title='bbox 2178 1816 2444 1895; x_wconf 83' lang='grc' dir='ltr'>τετάρτη</span> <span class='ocrx_word' id='word_1_134' title='bbox 2490 1814 2847 1881; x_wconf 85' lang='grc' dir='ltr'>Θεςςαλίας.</span> <span class='ocrx_word' id='word_1_135' title='bbox 2914 1817 3164 1896; x_wconf 87' lang='grc' dir='ltr'>πέμπτη</span> 
     </span>
    </p>

    <p class='ocr_par' dir='ltr' id='par_1_4' title="bbox 476 1917 3169 2412">
     <span class='ocr_line' id='line_1_16' title="bbox 476 1917 3163 1999; baseline 0.002 -23"><span class='ocrx_word' id='word_1_136' title='bbox 476 1926 540 1978; x_wconf 86' lang='grc'>15</span> <span class='ocrx_word' id='word_1_137' title='bbox 577 1917 829 1999; x_wconf 85' lang='grc' dir='ltr'>Θρᾴκης</span> <span class='ocrx_word' id='word_1_138' title='bbox 883 1918 1041 1981; x_wconf 86' lang='grc' dir='ltr'>κατὰ</span> <span class='ocrx_word' id='word_1_139' title='bbox 1086 1917 1331 1995; x_wconf 83' lang='grc' dir='ltr'>Βιζύην.</span> <span class='ocrx_word' id='word_1_140' title='bbox 1405 1917 1774 1996; x_wconf 87' lang='grc' dir='ltr'>Δέρριον.</span> <span class='ocrx_word' id='word_1_141' title='bbox 1849 1917 2158 1997; x_wconf 87' lang='grc' dir='ltr'>Ῥήγιον</span> <span class='ocrx_word' id='word_1_142' title='bbox 2203 1918 2391 1984; x_wconf 89' lang='grc' dir='ltr'>πόλις</span> <span class='ocrx_word' id='word_1_143' title='bbox 2435 1917 2733 1995; x_wconf 84' lang='grc' dir='ltr'>Ἑλληνίς.</span> <span class='ocrx_word' id='word_1_144' title='bbox 2806 1918 3163 1997; x_wconf 85' lang='grc' dir='ltr'>Ἴςθμιον.</span> 
     </span>
     <span class='ocr_line' id='line_1_17' title="bbox 577 2016 3166 2101; baseline -0 -18"><span class='ocrx_word' id='word_1_145' title='bbox 577 2018 881 2083; x_wconf 90' lang='grc' dir='ltr'>Ῥύτιον</span> <span class='ocrx_word' id='word_1_146' title='bbox 926 2018 1114 2084; x_wconf 88' lang='grc' dir='ltr'>πόλις</span> <span class='ocrx_word' id='word_1_147' title='bbox 1162 2018 1403 2098; x_wconf 85' lang='grc' dir='ltr'>Κρήτης</span> <span class='ocrx_word' id='word_1_148' title='bbox 1448 2016 1638 2099; x_wconf 76' lang='grc'>(11.3</span> <span class='ocrx_word' id='word_1_149' title='bbox 1682 2017 1870 2101; x_wconf 86' lang='grc'>648),</span> <span class='ocrx_word' id='word_1_150' title='bbox 1916 2019 2076 2096; x_wconf 87' lang='grc' dir='ltr'>ὅπερ</span> <span class='ocrx_word' id='word_1_151' title='bbox 2122 2018 2494 2097; x_wconf 91' lang='grc' dir='ltr'>Τυραννίων</span> <span class='ocrx_word' id='word_1_152' title='bbox 2543 2019 2662 2083; x_wconf 87' lang='grc' dir='ltr'>οὐκ</span> <span class='ocrx_word' id='word_1_153' title='bbox 2706 2017 2778 2083; x_wconf 87' lang='grc' dir='ltr'>εὖ</span> <span class='ocrx_word' id='word_1_154' title='bbox 2825 2019 3166 2098; x_wconf 89' lang='grc' dir='ltr'>παροξύνει</span> 
     </span>
     <span class='ocr_line' id='line_1_18' title="bbox 580 2118 3165 2203; baseline 0 -20"><span class='ocrx_word' id='word_1_155' title='bbox 580 2119 670 2185; x_wconf 82' lang='grc' dir='ltr'>ὡς</span> <span class='ocrx_word' id='word_1_156' title='bbox 714 2119 966 2185; x_wconf 90' lang='grc' dir='ltr'>πεδίον·</span> <span class='ocrx_word' id='word_1_157' title='bbox 1027 2119 1178 2184; x_wconf 85' lang='grc' dir='ltr'>οὔτε</span> <span class='ocrx_word' id='word_1_158' title='bbox 1222 2118 1345 2198; x_wconf 86' lang='grc' dir='ltr'>γὰρ</span> <span class='ocrx_word' id='word_1_159' title='bbox 1392 2120 1908 2202; x_wconf 84' lang='grc' dir='ltr'>ὑποκοριςτικόν,</span> <span class='ocrx_word' id='word_1_160' title='bbox 1965 2119 2114 2183; x_wconf 90' lang='grc' dir='ltr'>οὔτε</span> <span class='ocrx_word' id='word_1_161' title='bbox 2160 2118 2214 2184; x_wconf 89' lang='grc' dir='ltr'>εἰ</span> <span class='ocrx_word' id='word_1_162' title='bbox 2257 2118 2337 2199; x_wconf 91' lang='grc' dir='ltr'>ἦν</span> <span class='ocrx_word' id='word_1_163' title='bbox 2383 2119 2905 2203; x_wconf 84' lang='grc' dir='ltr'>ύποκοριςτικόν,</span> <span class='ocrx_word' id='word_1_164' title='bbox 2950 2141 3165 2198; x_wconf 88' lang='grc' dir='ltr'>παρω-</span> 
     </span>
     <span class='ocr_line' id='line_1_19' title="bbox 578 2219 3165 2310; baseline -0.001 -23"><span class='ocrx_word' id='word_1_165' title='bbox 578 2220 837 2303; x_wconf 86' lang='grc' dir='ltr'>ξύνετο,</span> <span class='ocrx_word' id='word_1_166' title='bbox 894 2222 1111 2285; x_wconf 85' lang='grc' dir='ltr'>καθότι</span> <span class='ocrx_word' id='word_1_167' title='bbox 1166 2220 1483 2300; x_wconf 85' lang='grc' dir='ltr'>τρίβραχυ.</span> <span class='ocrx_word' id='word_1_168' title='bbox 1591 2219 1970 2303; x_wconf 85' lang='grc' dir='ltr'>Θρόνιον,</span> <span class='ocrx_word' id='word_1_169' title='bbox 2029 2219 2393 2299; x_wconf 79' lang='grc' dir='ltr'>(πήλιον.</span> <span class='ocrx_word' id='word_1_170' title='bbox 2479 2221 2799 2301; x_wconf 88' lang='grc' dir='ltr'>Ὄβριον</span> <span class='ocrx_word' id='word_1_171' title='bbox 2863 2222 2939 2310; x_wconf 76' lang='grc' dir='ltr'>τό</span> <span class='ocrx_word' id='word_1_172' title='bbox 2995 2220 3165 2300; x_wconf 90' lang='grc' dir='ltr'>ὄρος.</span> 
     </span>
     <span class='ocr_line' id='line_1_20' title="bbox 583 2320 3169 2412; baseline -0 -26"><span class='ocrx_word' id='word_1_173' title='bbox 583 2321 921 2400; x_wconf 88' lang='grc' dir='ltr'>Κούριον</span> <span class='ocrx_word' id='word_1_174' title='bbox 964 2322 1151 2386; x_wconf 87' lang='grc' dir='ltr'>πόλις</span> <span class='ocrx_word' id='word_1_175' title='bbox 1199 2322 1456 2400; x_wconf 91' lang='grc' dir='ltr'>Κύπρου</span> <span class='ocrx_word' id='word_1_176' title='bbox 1501 2320 1634 2412; x_wconf 76' lang='grc' dir='ltr'>ἀπό</span> <span class='ocrx_word' id='word_1_177' title='bbox 1683 2322 1978 2400; x_wconf 90' lang='grc' dir='ltr'>Κουρέως</span> <span class='ocrx_word' id='word_1_178' title='bbox 2021 2325 2139 2385; x_wconf 87' lang='grc' dir='ltr'>τοῦ</span> <span class='ocrx_word' id='word_1_179' title='bbox 2188 2321 2461 2400; x_wconf 88' lang='grc' dir='ltr'>Κινύρου</span> <span class='ocrx_word' id='word_1_180' title='bbox 2506 2323 2754 2386; x_wconf 91' lang='grc' dir='ltr'>παιδός.</span> <span class='ocrx_word' id='word_1_181' title='bbox 2819 2321 3169 2401; x_wconf 89' lang='grc' dir='ltr'>Ἡρόδοτος</span> 
     </span>
    </p>

    <p class='ocr_par' dir='ltr' id='par_1_5' title="bbox 476 2421 3168 2909">
     <span class='ocr_line' id='line_1_21' title="bbox 476 2421 3167 2505; baseline 0.001 -23"><span class='ocrx_word' id='word_1_182' title='bbox 476 2430 545 2483; x_wconf 85' lang='lat'>20</span> <span class='ocrx_word' id='word_1_183' title='bbox 579 2423 832 2505; x_wconf 88' lang='grc' dir='ltr'>πέμπτῃ</span> <span class='ocrx_word' id='word_1_184' title='bbox 876 2421 961 2505; x_wconf 87' lang='grc' dir='ltr'>(ο.</span> <span class='ocrx_word' id='word_1_185' title='bbox 1011 2421 1178 2503; x_wconf 85' lang='grc'>113).</span> <span class='ocrx_word' id='word_1_186' title='bbox 1255 2423 1379 2488; x_wconf 85' lang='grc' dir='ltr'>ἔςτι</span> <span class='ocrx_word' id='word_1_187' title='bbox 1424 2424 1527 2487; x_wconf 87' lang='grc' dir='ltr'>καὶ</span> <span class='ocrx_word' id='word_1_188' title='bbox 1569 2423 1755 2488; x_wconf 90' lang='grc' dir='ltr'>πόλις</span> <span class='ocrx_word' id='word_1_189' title='bbox 1799 2421 2123 2487; x_wconf 87' lang='grc' dir='ltr'>Αἰτωλίας.</span> <span class='ocrx_word' id='word_1_190' title='bbox 2187 2422 2495 2501; x_wconf 92' lang='grc' dir='ltr'>Χώριον</span> <span class='ocrx_word' id='word_1_191' title='bbox 2540 2423 2580 2501; x_wconf 81' lang='grc' dir='ltr'>ἡ</span> <span class='ocrx_word' id='word_1_192' title='bbox 2624 2423 2842 2503; x_wconf 88' lang='grc' dir='ltr'>πόλις,</span> <span class='ocrx_word' id='word_1_193' title='bbox 2900 2423 3002 2487; x_wconf 81' lang='grc' dir='ltr'>ἐπὶ</span> <span class='ocrx_word' id='word_1_194' title='bbox 3046 2424 3167 2500; x_wconf 83' lang='grc' dir='ltr'>γάρ</span> 
     </span>
     <span class='ocr_line' id='line_1_22' title="bbox 581 2522 3168 2606; baseline -0.001 -16"><span class='ocrx_word' id='word_1_195' title='bbox 581 2527 1068 2604; x_wconf 83' lang='grc' dir='ltr'>ύποκοριςτικοῦ</span> <span class='ocrx_word' id='word_1_196' title='bbox 1096 2524 1539 2602; x_wconf 89' lang='grc' dir='ltr'>παροξύνεται.</span> <span class='ocrx_word' id='word_1_197' title='bbox 1571 2525 1929 2590; x_wconf 91' lang='grc' dir='ltr'>Δαύνιον</span> <span class='ocrx_word' id='word_1_198' title='bbox 1960 2525 2147 2588; x_wconf 89' lang='grc' dir='ltr'>πόλις</span> <span class='ocrx_word' id='word_1_199' title='bbox 2172 2523 2445 2589; x_wconf 86' lang='grc' dir='ltr'>Ἰταλίας.</span> <span class='ocrx_word' id='word_1_200' title='bbox 2477 2523 2837 2604; x_wconf 86' lang='grc' dir='ltr'>Λυκόφρων</span> <span class='ocrx_word' id='word_1_201' title='bbox 2864 2522 3168 2606; x_wconf 81' lang='lat' dir='ltr'>(v.1254)</span> 
     </span>
     <span class='ocr_line' id='line_1_23' title="bbox 579 2624 3168 2708; baseline -0.001 -16"><span class='ocrx_word' id='word_1_202' title='bbox 579 2627 783 2705; x_wconf 78' lang='grc' dir='ltr'>«ὑπὲρ</span> <span class='ocrx_word' id='word_1_203' title='bbox 826 2626 1060 2691; x_wconf 91' lang='grc' dir='ltr'>Λακίου</span> <span class='ocrx_word' id='word_1_204' title='bbox 1105 2624 1397 2690; x_wconf 90' lang='grc' dir='ltr'>Δαυνίου</span> <span class='ocrx_word' id='word_1_205' title='bbox 1441 2626 1504 2690; x_wconf 84' lang='grc' dir='ltr'>τ’</span> <span class='ocrx_word' id='word_1_206' title='bbox 1550 2626 1959 2708; x_wconf 80' lang='grc' dir='ltr'>ᾡκιςμένην».</span> <span class='ocrx_word' id='word_1_207' title='bbox 2008 2625 2303 2690; x_wconf 89' lang='grc' dir='ltr'>Οἴνιον.</span> <span class='ocrx_word' id='word_1_208' title='bbox 2351 2625 2673 2691; x_wconf 71' lang='grc' dir='ltr'>(ἶέςτιον</span> <span class='ocrx_word' id='word_1_209' title='bbox 2719 2625 2904 2690; x_wconf 89' lang='grc' dir='ltr'>πόλις</span> <span class='ocrx_word' id='word_1_210' title='bbox 2949 2625 3019 2690; x_wconf 82' lang='grc' dir='ltr'>ἐν</span> <span class='ocrx_word' id='word_1_211' title='bbox 3063 2646 3168 2705; x_wconf 94' lang='grc' dir='ltr'>με-</span> 
     </span>
     <span class='ocr_line' id='line_1_24' title="bbox 582 2724 3168 2812; baseline -0.001 -19"><span class='ocrx_word' id='word_1_212' title='bbox 582 2727 797 2812; x_wconf 86' lang='grc' dir='ltr'>ςογείᾳ</span> <span class='ocrx_word' id='word_1_213' title='bbox 844 2726 1205 2806; x_wconf 84' lang='grc' dir='ltr'>Οἰνωτρῶν.</span> <span class='ocrx_word' id='word_1_214' title='bbox 1291 2724 1563 2805; x_wconf 80' lang='grc' dir='ltr'>Αἴγιον</span> <span class='ocrx_word' id='word_1_215' title='bbox 1609 2727 1794 2792; x_wconf 88' lang='grc' dir='ltr'>πόλις</span> <span class='ocrx_word' id='word_1_216' title='bbox 1843 2726 2094 2806; x_wconf 75' lang='grc' dir='ltr'>Ἀχαΐας</span> <span class='ocrx_word' id='word_1_217' title='bbox 2109 2777 2126 2809; x_wconf 93' lang='grc'>,</span> <span class='ocrx_word' id='word_1_218' title='bbox 2175 2727 2264 2792; x_wconf 87' lang='grc' dir='ltr'>ὡς</span> <span class='ocrx_word' id='word_1_219' title='bbox 2310 2726 2587 2795; x_wconf 86' lang='grc' dir='ltr'>Εὔδοξος</span> <span class='ocrx_word' id='word_1_220' title='bbox 2632 2727 2701 2792; x_wconf 87' lang='grc' dir='ltr'>ἐν</span> <span class='ocrx_word' id='word_1_221' title='bbox 2748 2727 2909 2810; x_wconf 84' lang='grc' dir='ltr'>ἕκτῃ.</span> <span class='ocrx_word' id='word_1_222' title='bbox 2979 2725 3168 2793; x_wconf 72' lang='grc' dir='ltr'>(ἰού-</span> 
     </span>
     <span class='ocr_line' id='line_1_25' title="bbox 581 2827 3167 2909; baseline -0.001 -14"><span class='ocrx_word' id='word_1_223' title='bbox 581 2850 756 2895; x_wconf 93' lang='grc' dir='ltr'>νιον</span> <span class='ocrx_word' id='word_1_224' title='bbox 804 2830 1002 2909; x_wconf 88' lang='grc' dir='ltr'>δῆμος</span> <span class='ocrx_word' id='word_1_225' title='bbox 1045 2827 1388 2893; x_wconf 90' lang='grc' dir='ltr'>Λεοντίδος</span> <span class='ocrx_word' id='word_1_226' title='bbox 1409 2830 1657 2908; x_wconf 64' lang='grc' dir='ltr'>’φυλῆς</span> <span class='ocrx_word' id='word_1_227' title='bbox 1714 2829 2001 2907; x_wconf 90' lang='grc' dir='ltr'>Ὅμηρος</span> <span class='ocrx_word' id='word_1_228' title='bbox 2046 2830 2117 2893; x_wconf 77' lang='grc' dir='ltr'>δὲ</span> <span class='ocrx_word' id='word_1_229' title='bbox 2162 2827 2362 2907; x_wconf 89' lang='grc' dir='ltr'>ἄκρον</span> <span class='ocrx_word' id='word_1_230' title='bbox 2408 2832 2588 2893; x_wconf 89' lang='grc' dir='ltr'>καλεῖ</span> <span class='ocrx_word' id='word_1_231' title='bbox 2632 2828 2814 2893; x_wconf 79' lang='grc' dir='ltr'>«ἀλλ’</span> <span class='ocrx_word' id='word_1_232' title='bbox 2858 2828 2967 2893; x_wconf 88' lang='grc' dir='ltr'>ὅτε</span> <span class='ocrx_word' id='word_1_233' title='bbox 3013 2828 3167 2893; x_wconf 75' lang='grc' dir='ltr'>(Ζού-</span> 
     </span>
    </p>

    <p class='ocr_par' dir='ltr' id='par_1_6' title="bbox 477 2927 3169 3010">
     <span class='ocr_line' id='line_1_26' title="bbox 477 2927 3169 3010; baseline 0 -16"><span class='ocrx_word' id='word_1_234' title='bbox 477 2942 543 2994; x_wconf 81' lang='lat'>25</span> <span class='ocrx_word' id='word_1_235' title='bbox 579 2951 723 2998; x_wconf 95' lang='grc' dir='ltr'>νιον</span> <span class='ocrx_word' id='word_1_236' title='bbox 769 2929 1011 3008; x_wconf 82' lang='grc' dir='ltr'>ἄκρον»</span> <span class='ocrx_word' id='word_1_237' title='bbox 1057 2927 1213 3010; x_wconf 89' lang='lat' dir='ltr'><strong>(Od.</strong></span> <span class='ocrx_word' id='word_1_238' title='bbox 1259 2950 1299 3005; x_wconf 89' lang='grc' dir='ltr'>γ</span> <span class='ocrx_word' id='word_1_239' title='bbox 1341 2927 1528 3008; x_wconf 62' lang='grc'>278).</span> <span class='ocrx_word' id='word_1_240' title='bbox 1597 2929 1915 3007; x_wconf 86' lang='grc' dir='ltr'>Δώριον</span> <span class='ocrx_word' id='word_1_241' title='bbox 1969 2928 2158 2995; x_wconf 89' lang='grc' dir='ltr'>πόλις</span> <span class='ocrx_word' id='word_1_242' title='bbox 2216 2929 2564 3008; x_wconf 90' lang='grc' dir='ltr'>Μεςςηνίας</span> <span class='ocrx_word' id='word_1_243' title='bbox 2619 2930 2726 3008; x_wconf 91' lang='grc' dir='ltr'>μία</span> <span class='ocrx_word' id='word_1_244' title='bbox 2776 2934 2906 2999; x_wconf 84' lang='grc' dir='ltr'>τῶν</span> <span class='ocrx_word' id='word_1_245' title='bbox 2951 2934 3169 3010; x_wconf 84' lang='grc' dir='ltr'>τριῶν,</span> 
     </span>
    </p>
   </div>
   <div class='ocr_carea' id='block_1_3' title="bbox 581 2992 3367 3111">
    <p class='ocr_par' dir='ltr' id='par_1_7' title="bbox 581 2992 3367 3111">
     <span class='ocr_line' id='line_1_27' title="bbox 581 2992 3367 3111; baseline -0.001 -14"><span class='ocrx_word' id='word_1_246' title='bbox 581 3032 674 3098; x_wconf 87' lang='grc' dir='ltr'>ὧν</span> <span class='ocrx_word' id='word_1_247' title='bbox 718 3031 1004 3110; x_wconf 85' lang='grc' dir='ltr'>Ὅμηρος</span> <span class='ocrx_word' id='word_1_248' title='bbox 1050 3029 1431 3108; x_wconf 86' lang='grc' dir='ltr'>μνημονεύει</span> <span class='ocrx_word' id='word_1_249' title='bbox 1478 3030 1621 3094; x_wconf 84' lang='grc' dir='ltr'>«καὶ</span> <span class='ocrx_word' id='word_1_250' title='bbox 1662 3030 1953 3095; x_wconf 90' lang='grc' dir='ltr'>Πτελεὸν</span> <span class='ocrx_word' id='word_1_251' title='bbox 1999 3032 2102 3095; x_wconf 89' lang='grc' dir='ltr'>καὶ</span> <span class='ocrx_word' id='word_1_252' title='bbox 2142 3032 2332 3096; x_wconf 81' lang='grc' dir='ltr'>Ἕλος</span> <span class='ocrx_word' id='word_1_253' title='bbox 2377 3031 2479 3095; x_wconf 84' lang='grc' dir='ltr'>καὶ</span> <span class='ocrx_word' id='word_1_254' title='bbox 2521 3031 2830 3108; x_wconf 78' lang='grc' dir='ltr'>Δώριον»</span> <span class='ocrx_word' id='word_1_255' title='bbox 2877 3031 2954 3111; x_wconf 88' lang='grc' dir='ltr'>(Β</span> <span class='ocrx_word' id='word_1_256' title='bbox 2996 3029 3167 3110; x_wconf 83' lang='grc'>594).</span> <span class='ocrx_word' id='word_1_257' title='bbox 3270 3105 3279 3109; x_wconf 82' lang='lat'>-</span> <span class='ocrx_word' id='word_1_258' title='bbox 3352 2992 3367 3003; x_wconf 33' lang='grc' dir='ltr'>ι</span> 
     </span>
    </p>
   </div>
   <div class='ocr_carea' id='block_1_4' title="bbox 482 3130 3209 3615">
    <p class='ocr_par' dir='ltr' id='par_1_8' title="bbox 482 3130 3209 3615">
     <span class='ocr_line' id='line_1_28' title="bbox 580 3130 3168 3215; baseline -0 -18"><span class='ocrx_word' id='word_1_259' title='bbox 580 3134 882 3197; x_wconf 90' lang='grc' dir='ltr'>Πύθιον</span> <span class='ocrx_word' id='word_1_260' title='bbox 928 3132 1004 3195; x_wconf 90' lang='grc' dir='ltr'>τὸ</span> <span class='ocrx_word' id='word_1_261' title='bbox 1050 3131 1245 3195; x_wconf 90' lang='grc' dir='ltr'>πάλαι</span> <span class='ocrx_word' id='word_1_262' title='bbox 1291 3130 1661 3210; x_wconf 91' lang='grc' dir='ltr'>μεςαίτατον</span> <span class='ocrx_word' id='word_1_263' title='bbox 1705 3134 1816 3207; x_wconf 86' lang='grc' dir='ltr'>τῆς</span> <span class='ocrx_word' id='word_1_264' title='bbox 1865 3130 1935 3197; x_wconf 84' lang='grc' dir='ltr'>ἐν</span> <span class='ocrx_word' id='word_1_265' title='bbox 1985 3131 2187 3215; x_wconf 88' lang='grc' dir='ltr'>Κρήτῃ</span> <span class='ocrx_word' id='word_1_266' title='bbox 2236 3131 2565 3210; x_wconf 89' lang='grc' dir='ltr'>Γόρτυνος.</span> <span class='ocrx_word' id='word_1_267' title='bbox 2633 3132 2736 3196; x_wconf 89' lang='grc' dir='ltr'>καὶ</span> <span class='ocrx_word' id='word_1_268' title='bbox 2767 3130 3168 3196; x_wconf 87' lang='grc' dir='ltr'>Μακεδονίας</span> 
     </span>
     <span class='ocr_line' id='line_1_29' title="bbox 581 3231 3169 3315; baseline -0 -17"><span class='ocrx_word' id='word_1_269' title='bbox 581 3233 863 3312; x_wconf 89' lang='grc' dir='ltr'>Πύθιον,</span> <span class='ocrx_word' id='word_1_270' title='bbox 910 3231 981 3296; x_wconf 85' lang='grc' dir='ltr'>ἐν</span> <span class='ocrx_word' id='word_1_271' title='bbox 1026 3231 1079 3315; x_wconf 84' lang='grc' dir='ltr'>ᾧ</span> <span class='ocrx_word' id='word_1_272' title='bbox 1127 3233 1228 3296; x_wconf 86' lang='grc' dir='ltr'>καὶ</span> <span class='ocrx_word' id='word_1_273' title='bbox 1270 3232 1348 3297; x_wconf 87' lang='grc' dir='ltr'>τὰ</span> <span class='ocrx_word' id='word_1_274' title='bbox 1390 3231 1602 3296; x_wconf 91' lang='grc' dir='ltr'>Πύθια</span> <span class='ocrx_word' id='word_1_275' title='bbox 1645 3232 2039 3297; x_wconf 82' lang='grc' dir='ltr'>ἐπιτελεῖται.</span> <span class='ocrx_word' id='word_1_276' title='bbox 2128 3232 2254 3297; x_wconf 82' lang='grc' dir='ltr'>ἔςτι</span> <span class='ocrx_word' id='word_1_277' title='bbox 2300 3233 2402 3296; x_wconf 88' lang='grc' dir='ltr'>καὶ</span> <span class='ocrx_word' id='word_1_278' title='bbox 2442 3233 2692 3298; x_wconf 91' lang='grc' dir='ltr'>Πύθιον</span> <span class='ocrx_word' id='word_1_279' title='bbox 2737 3234 3005 3309; x_wconf 89' lang='grc' dir='ltr'>πληςίον</span> <span class='ocrx_word' id='word_1_280' title='bbox 3051 3236 3169 3297; x_wconf 83' lang='grc' dir='ltr'>τοῦ</span> 
     </span>
     <span class='ocr_line' id='line_1_30' title="bbox 585 3333 3209 3413; baseline -0.001 -15"><span class='ocrx_word' id='word_1_281' title='bbox 585 3335 969 3411; x_wconf 76' lang='grc' dir='ltr'>Ἀςτακηνοῦ</span> <span class='ocrx_word' id='word_1_282' title='bbox 1014 3334 1277 3397; x_wconf 90' lang='grc' dir='ltr'>κόλπου.</span> <span class='ocrx_word' id='word_1_283' title='bbox 1364 3335 1670 3398; x_wconf 74' lang='grc' dir='ltr'>Ἄκτιον</span> <span class='ocrx_word' id='word_1_284' title='bbox 1718 3333 1904 3398; x_wconf 92' lang='grc' dir='ltr'>πόλις</span> <span class='ocrx_word' id='word_1_285' title='bbox 1949 3334 2356 3413; x_wconf 88' lang='grc' dir='ltr'>Ἀκαρνάνων</span> <span class='ocrx_word' id='word_1_286' title='bbox 2411 3334 2634 3412; x_wconf 90' lang='grc' dir='ltr'>πρώτη</span> <span class='ocrx_word' id='word_1_287' title='bbox 2689 3333 2820 3397; x_wconf 87' lang='grc' dir='ltr'>ἀπὸ</span> <span class='ocrx_word' id='word_1_288' title='bbox 2866 3337 2984 3396; x_wconf 82' lang='grc' dir='ltr'>τοῦ</span> <span class='ocrx_word' id='word_1_289' title='bbox 3029 3333 3209 3412; x_wconf 85' lang='grc' dir='ltr'>Ἀμ-·</span> 
     </span>
     <span class='ocr_line' id='line_1_31' title="bbox 482 3432 3167 3516; baseline 0 -20"><span class='ocrx_word' id='word_1_290' title='bbox 482 3446 551 3497; x_wconf 82' lang='grc'>30</span> <span class='ocrx_word' id='word_1_291' title='bbox 588 3438 885 3516; x_wconf 87' lang='grc' dir='ltr'>βρακικοῦ</span> <span class='ocrx_word' id='word_1_292' title='bbox 941 3433 1188 3498; x_wconf 92' lang='grc' dir='ltr'>κόλπου</span> <span class='ocrx_word' id='word_1_293' title='bbox 1245 3432 1636 3513; x_wconf 86' lang='grc' dir='ltr'>ἀρξαμένοις.</span> <span class='ocrx_word' id='word_1_294' title='bbox 1725 3434 2083 3515; x_wconf 85' lang='grc' dir='ltr'>ὁμωνύμως</span> <span class='ocrx_word' id='word_1_295' title='bbox 2138 3436 2209 3499; x_wconf 78' lang='grc' dir='ltr'>δὲ</span> <span class='ocrx_word' id='word_1_296' title='bbox 2267 3434 2515 3511; x_wconf 88' lang='grc' dir='ltr'>λέγεται</span> <span class='ocrx_word' id='word_1_297' title='bbox 2561 3435 2664 3498; x_wconf 89' lang='grc' dir='ltr'>καὶ</span> <span class='ocrx_word' id='word_1_298' title='bbox 2706 3436 2781 3499; x_wconf 89' lang='grc' dir='ltr'>τὸ</span> <span class='ocrx_word' id='word_1_299' title='bbox 2826 3433 3006 3512; x_wconf 82' lang='grc' dir='ltr'>ἱερὸν</span> <span class='ocrx_word' id='word_1_300' title='bbox 3051 3438 3167 3498; x_wconf 84' lang='grc' dir='ltr'>τοῦ</span> 
     </span>
     <span class='ocr_line' id='line_1_32' title="bbox 585 3533 3167 3615; baseline -0 -15"><span class='ocrx_word' id='word_1_301' title='bbox 585 3534 997 3600; x_wconf 82' lang='grc' dir='ltr'>’Λπόλλωνος</span> <span class='ocrx_word' id='word_1_302' title='bbox 1041 3535 1142 3598; x_wconf 86' lang='grc' dir='ltr'>καὶ</span> <span class='ocrx_word' id='word_1_303' title='bbox 1193 3533 1231 3611; x_wconf 87' lang='grc' dir='ltr'>ἡ</span> <span class='ocrx_word' id='word_1_304' title='bbox 1287 3533 1448 3612; x_wconf 85' lang='grc' dir='ltr'>ἄκρα</span> <span class='ocrx_word' id='word_1_305' title='bbox 1502 3535 1542 3614; x_wconf 82' lang='grc' dir='ltr'>ἡ</span> <span class='ocrx_word' id='word_1_306' title='bbox 1586 3538 1863 3601; x_wconf 86' lang='grc' dir='ltr'>ποιοῦςα</span> <span class='ocrx_word' id='word_1_307' title='bbox 1914 3537 1991 3602; x_wconf 88' lang='grc' dir='ltr'>τὸ</span> <span class='ocrx_word' id='word_1_308' title='bbox 2037 3536 2232 3615; x_wconf 87' lang='grc' dir='ltr'>ςτόμα</span> <span class='ocrx_word' id='word_1_309' title='bbox 2281 3539 2399 3601; x_wconf 82' lang='grc' dir='ltr'>τοῦ</span> <span class='ocrx_word' id='word_1_310' title='bbox 2446 3535 2693 3601; x_wconf 90' lang='grc' dir='ltr'>κόλπου</span> <span class='ocrx_word' id='word_1_311' title='bbox 2738 3537 2841 3600; x_wconf 81' lang='grc' dir='ltr'>καὶ</span> <span class='ocrx_word' id='word_1_312' title='bbox 2882 3535 2922 3613; x_wconf 86' lang='grc' dir='ltr'><strong>ἡ</strong></span> <span class='ocrx_word' id='word_1_313' title='bbox 2966 3534 3167 3599; x_wconf 89' lang='grc' dir='ltr'>πόλις.</span> 
     </span>
    </p>
   </div>
   <div class='ocr_carea' id='block_1_5' title="bbox 585 3707 990 3717">
    <p class='ocr_par' dir='ltr' id='par_1_9' title="bbox 585 3707 990 3717">
     <span class='ocr_line' id='line_1_33' title="bbox 585 3707 990 3717; baseline 0 1829"><span class='ocrx_word' id='word_1_314' title='bbox 585 3707 990 3717; x_wconf 95' lang='lat' dir='ltr'> </span> 
     </span>
    </p>
   </div>
   <div class='ocr_carea' id='block_1_6' title="bbox 585 3820 3173 4835">
    <p class='ocr_par' dir='ltr' id='par_1_10' title="bbox 585 3820 3173 4835">
     <span class='ocr_line' id='line_1_34' title="bbox 588 3820 3169 3890; baseline -0.002 -13"><span class='ocrx_word' id='word_1_315' title='bbox 588 3827 728 3890; x_wconf 88' lang='grc' dir='ltr'>μεθα</span> <span class='ocrx_word' id='word_1_316' title='bbox 765 3824 882 3875; x_wconf 89' lang='grc' dir='ltr'>κτλ.</span> <span class='ocrx_word' id='word_1_317' title='bbox 919 3851 983 3858; x_wconf 92' lang='lat'>--</span> <span class='ocrx_word' id='word_1_318' title='bbox 1035 3821 1192 3886; x_wconf 78' lang='lat' dir='ltr'>Quod</span> <span class='ocrx_word' id='word_1_319' title='bbox 1240 3827 1426 3872; x_wconf 83' lang='lat' dir='ltr'>autem</span> <span class='ocrx_word' id='word_1_320' title='bbox 1471 3823 1820 3874; x_wconf 79' lang='lat' dir='ltr'>Herodianus</span> <span class='ocrx_word' id='word_1_321' title='bbox 1873 3823 1963 3874; x_wconf 84' lang='lat' dir='ltr'>hie</span> <span class='ocrx_word' id='word_1_322' title='bbox 2004 3820 2214 3887; x_wconf 88' lang='grc' dir='ltr'>τειχίον</span> <span class='ocrx_word' id='word_1_323' title='bbox 2261 3823 2656 3874; x_wconf 78' lang='lat' dir='ltr'><strong>deminutivum</strong></span> <span class='ocrx_word' id='word_1_324' title='bbox 2702 3838 2825 3873; x_wconf 85' lang='lat' dir='ltr'>esse</span> <span class='ocrx_word' id='word_1_325' title='bbox 2871 3823 3169 3886; x_wconf 80' lang='lat' dir='ltr'>pertendit,</span> 
     </span>
     <span class='ocr_line' id='line_1_35' title="bbox 589 3890 3170 3956; baseline -0.003 -11"><span class='ocrx_word' id='word_1_326' title='bbox 589 3891 632 3945; x_wconf 88' lang='grc' dir='ltr'>Ν</span> <span class='ocrx_word' id='word_1_327' title='bbox 671 3895 732 3944; x_wconf 82' lang='grc'>71</span> <span class='ocrx_word' id='word_1_328' title='bbox 786 3899 972 3943; x_wconf 83' lang='lat' dir='ltr'>autem</span> <span class='ocrx_word' id='word_1_329' title='bbox 1017 3892 1255 3940; x_wconf 80' lang='lat' dir='ltr'>Homero</span> <span class='ocrx_word' id='word_1_330' title='bbox 1300 3890 1644 3941; x_wconf 81' lang='lat' dir='ltr'>deminutiva</span> <span class='ocrx_word' id='word_1_331' title='bbox 1685 3891 1879 3956; x_wconf 83' lang='lat' dir='ltr'>ignota</span> <span class='ocrx_word' id='word_1_332' title='bbox 1923 3907 2045 3943; x_wconf 80' lang='lat' dir='ltr'>esse</span> <span class='ocrx_word' id='word_1_333' title='bbox 2091 3892 2252 3955; x_wconf 81' lang='lat' dir='ltr'>dicit,</span> <span class='ocrx_word' id='word_1_334' title='bbox 2301 3894 2359 3942; x_wconf 88' lang='lat' dir='ltr'>in</span> <span class='ocrx_word' id='word_1_335' title='bbox 2405 3908 2470 3941; x_wconf 90' lang='lat' dir='ltr'>eo</span> <span class='ocrx_word' id='word_1_336' title='bbox 2517 3906 2625 3941; x_wconf 87' lang='lat' dir='ltr'>non</span> <span class='ocrx_word' id='word_1_337' title='bbox 2669 3890 2777 3941; x_wconf 82' lang='lat' dir='ltr'>sibi</span> <span class='ocrx_word' id='word_1_338' title='bbox 2822 3890 3170 3951; x_wconf 82' lang='lat' dir='ltr'><strong>contradicit,</strong></span> 
     </span>
     <span class='ocr_line' id='line_1_36' title="bbox 586 3957 3169 4025; baseline -0.002 -13"><span class='ocrx_word' id='word_1_339' title='bbox 586 3976 713 4012; x_wconf 84' lang='lat' dir='ltr'>nam</span> <span class='ocrx_word' id='word_1_340' title='bbox 749 3965 919 4025; x_wconf 79' lang='lat' dir='ltr'>negat</span> <span class='ocrx_word' id='word_1_341' title='bbox 955 3962 1166 4008; x_wconf 75' lang='lat' dir='ltr'>tantum</span> <span class='ocrx_word' id='word_1_342' title='bbox 1205 3958 1474 4009; x_wconf 83' lang='lat' dir='ltr'>eiusmodi</span> <span class='ocrx_word' id='word_1_343' title='bbox 1521 3958 1791 4010; x_wconf 84' lang='lat' dir='ltr'>voeabula</span> <span class='ocrx_word' id='word_1_344' title='bbox 1838 3959 1994 4009; x_wconf 78' lang='lat' dir='ltr'>velut</span> <span class='ocrx_word' id='word_1_345' title='bbox 2039 3957 2249 4022; x_wconf 84' lang='grc' dir='ltr'>τειχίον</span> <span class='ocrx_word' id='word_1_346' title='bbox 2292 3958 2441 4024; x_wconf 86' lang='lat' dir='ltr'>apud</span> <span class='ocrx_word' id='word_1_347' title='bbox 2486 3958 2781 4008; x_wconf 80' lang='lat' dir='ltr'>Homerum</span> <span class='ocrx_word' id='word_1_348' title='bbox 2827 3957 3169 4008; x_wconf 81' lang='lat' dir='ltr'>deminutiva</span> 
     </span>
     <span class='ocr_line' id='line_1_37' title="bbox 586 4026 3169 4091; baseline -0.003 -11"><span class='ocrx_word' id='word_1_349' title='bbox 586 4045 735 4088; x_wconf 78' lang='lat' dir='ltr'>esse,</span> <span class='ocrx_word' id='word_1_350' title='bbox 775 4043 884 4078; x_wconf 83' lang='lat' dir='ltr'>non</span> <span class='ocrx_word' id='word_1_351' title='bbox 921 4026 1143 4077; x_wconf 86' lang='lat' dir='ltr'>omnino</span> <span class='ocrx_word' id='word_1_352' title='bbox 1180 4040 1352 4091; x_wconf 81' lang='lat' dir='ltr'>neque</span> <span class='ocrx_word' id='word_1_353' title='bbox 1390 4026 1449 4076; x_wconf 87' lang='lat' dir='ltr'>in</span> <span class='ocrx_word' id='word_1_354' title='bbox 1485 4027 1753 4076; x_wconf 84' lang='lat' dir='ltr'>communi</span> <span class='ocrx_word' id='word_1_355' title='bbox 1795 4042 1914 4076; x_wconf 81' lang='lat' dir='ltr'><strong>usu.</strong></span> <span class='ocrx_word' id='word_1_356' title='bbox 2088 4028 2125 4078; x_wconf 90' lang='lat'>1.</span> <span class='ocrx_word' id='word_1_357' title='bbox 2162 4030 2194 4077; x_wconf 79' lang='lat'><strong>3</strong></span> <span class='ocrx_word' id='word_1_358' title='bbox 2232 4028 2375 4077; x_wconf 86' lang='lat' dir='ltr'>hune</span> <span class='ocrx_word' id='word_1_359' title='bbox 2421 4041 2686 4076; x_wconf 82' lang='lat' dir='ltr'>canonem</span> <span class='ocrx_word' id='word_1_360' title='bbox 2733 4026 2919 4089; x_wconf 81' lang='lat' dir='ltr'><strong>recepi</strong></span> <span class='ocrx_word' id='word_1_361' title='bbox 2964 4041 3031 4074; x_wconf 81' lang='lat' dir='ltr'>ex</span> <span class='ocrx_word' id='word_1_362' title='bbox 3067 4027 3169 4089; x_wconf 80' lang='lat' dir='ltr'>Ep.</span> 
     </span>
     <span class='ocr_line' id='line_1_38' title="bbox 588 4091 3167 4158; baseline -0.002 -13"><span class='ocrx_word' id='word_1_363' title='bbox 588 4097 675 4149; x_wconf 84' lang='lat' dir='ltr'>Cr.</span> <span class='ocrx_word' id='word_1_364' title='bbox 701 4097 728 4147; x_wconf 94' lang='lat' dir='ltr'>I</span> <span class='ocrx_word' id='word_1_365' title='bbox 764 4097 880 4157; x_wconf 83' lang='lat'>308,</span> <span class='ocrx_word' id='word_1_366' title='bbox 921 4097 970 4156; x_wconf 81' lang='lat'>5,</span> <span class='ocrx_word' id='word_1_367' title='bbox 1008 4108 1133 4144; x_wconf 81' lang='lat' dir='ltr'>nam</span> <span class='ocrx_word' id='word_1_368' title='bbox 1172 4097 1556 4158; x_wconf 77' lang='lat' dir='ltr'>praeterquam</span> <span class='ocrx_word' id='word_1_369' title='bbox 1593 4094 1736 4158; x_wconf 82' lang='lat' dir='ltr'>quod</span> <span class='ocrx_word' id='word_1_370' title='bbox 1774 4091 1986 4157; x_wconf 80' lang='grc' dir='ltr'>αἰζήϊος</span> <span class='ocrx_word' id='word_1_371' title='bbox 2024 4095 2103 4144; x_wconf 85' lang='lat' dir='ltr'>sie</span> <span class='ocrx_word' id='word_1_372' title='bbox 2137 4100 2198 4145; x_wconf 84' lang='lat' dir='ltr'>ut</span> <span class='ocrx_word' id='word_1_373' title='bbox 2234 4094 2323 4144; x_wconf 87' lang='lat' dir='ltr'>hie</span> <span class='ocrx_word' id='word_1_374' title='bbox 2358 4094 2565 4143; x_wconf 81' lang='lat' dir='ltr'>factum</span> <span class='ocrx_word' id='word_1_375' title='bbox 2602 4097 2715 4154; x_wconf 81' lang='lat' dir='ltr'>est,</span> <span class='ocrx_word' id='word_1_376' title='bbox 2754 4093 3064 4158; x_wconf 75' lang='lat' dir='ltr'>explicatur</span> <span class='ocrx_word' id='word_1_377' title='bbox 3096 4092 3167 4140; x_wconf 82' lang='lat' dir='ltr'>ab</span> 
     </span>
     <span class='ocr_line' id='line_1_39' title="bbox 585 4159 3169 4228; baseline -0.003 -14"><span class='ocrx_word' id='word_1_378' title='bbox 585 4163 792 4214; x_wconf 82' lang='lat' dir='ltr'>Herod.</span> <span class='ocrx_word' id='word_1_379' title='bbox 830 4162 975 4227; x_wconf 83' lang='lat' dir='ltr'>apud</span> <span class='ocrx_word' id='word_1_380' title='bbox 999 4161 1246 4225; x_wconf 81' lang='lat' dir='ltr'>Theogn.</span> <span class='ocrx_word' id='word_1_381' title='bbox 1275 4163 1356 4223; x_wconf 80' lang='lat'>57,</span> <span class='ocrx_word' id='word_1_382' title='bbox 1387 4164 1467 4225; x_wconf 88' lang='lat'>15,</span> <span class='ocrx_word' id='word_1_383' title='bbox 1505 4161 1810 4212; x_wconf 78' lang='lat' dir='ltr'>Herodiani</span> <span class='ocrx_word' id='word_1_384' title='bbox 1848 4168 1934 4211; x_wconf 81' lang='lat' dir='ltr'>est</span> <span class='ocrx_word' id='word_1_385' title='bbox 1970 4162 2309 4212; x_wconf 78' lang='lat' dir='ltr'>consuetudo</span> <span class='ocrx_word' id='word_1_386' title='bbox 2346 4176 2511 4211; x_wconf 90' lang='lat' dir='ltr'>unum</span> <span class='ocrx_word' id='word_1_387' title='bbox 2548 4159 2803 4228; x_wconf 74' lang='lat' dir='ltr'>idemque</span> <span class='ocrx_word' id='word_1_388' title='bbox 2838 4159 3169 4209; x_wconf 80' lang='lat' dir='ltr'>vocabulum</span> 
     </span>
     <span class='ocr_line' id='line_1_40' title="bbox 590 4226 3171 4294; baseline -0.002 -13"><span class='ocrx_word' id='word_1_389' title='bbox 590 4232 844 4283; x_wconf 76' lang='lat' dir='ltr'>diversae</span> <span class='ocrx_word' id='word_1_390' title='bbox 882 4230 1083 4280; x_wconf 83' lang='lat' dir='ltr'>rationi</span> <span class='ocrx_word' id='word_1_391' title='bbox 1119 4228 1409 4281; x_wconf 81' lang='lat' dir='ltr'>subiicere.</span> <span class='ocrx_word' id='word_1_392' title='bbox 1513 4230 1550 4280; x_wconf 90' lang='lat'>1.</span> <span class='ocrx_word' id='word_1_393' title='bbox 1581 4232 1643 4279; x_wconf 89' lang='grc'>10</span> <span class='ocrx_word' id='word_1_394' title='bbox 1677 4228 1842 4280; x_wconf 83' lang='grc' dir='ltr'>Ἴλιον</span> <span class='ocrx_word' id='word_1_395' title='bbox 1880 4228 2097 4294; x_wconf 80' lang='lat' dir='ltr'>explevi</span> <span class='ocrx_word' id='word_1_396' title='bbox 2132 4245 2200 4279; x_wconf 83' lang='lat' dir='ltr'>ex</span> <span class='ocrx_word' id='word_1_397' title='bbox 2228 4230 2307 4279; x_wconf 84' lang='lat' dir='ltr'>St.</span> <span class='ocrx_word' id='word_1_398' title='bbox 2334 4231 2412 4286; x_wconf 69' lang='lat'>13„</span> <span class='ocrx_word' id='word_1_399' title='bbox 2449 4226 2689 4292; x_wconf 84' lang='grc' dir='ltr'>Δέρριον</span> <span class='ocrx_word' id='word_1_400' title='bbox 2725 4243 2846 4277; x_wconf 84' lang='lat' dir='ltr'>eum</span> <span class='ocrx_word' id='word_1_401' title='bbox 2871 4226 3171 4277; x_wconf 72' lang='lat' dir='ltr'>Schmidtio</span> 
     </span>
     <span class='ocr_line' id='line_1_41' title="bbox 590 4294 3172 4364; baseline -0.003 -15"><span class='ocrx_word' id='word_1_402' title='bbox 590 4299 784 4364; x_wconf 80' lang='lat' dir='ltr'>scripsi</span> <span class='ocrx_word' id='word_1_403' title='bbox 831 4296 1032 4347; x_wconf 81' lang='lat' dir='ltr'>collato</span> <span class='ocrx_word' id='word_1_404' title='bbox 1077 4297 1321 4346; x_wconf 84' lang='lat' dir='ltr'>Pausan.</span> <span class='ocrx_word' id='word_1_405' title='bbox 1357 4297 1442 4347; x_wconf 89' lang='grc' dir='ltr'>ΠΙ</span> <span class='ocrx_word' id='word_1_406' title='bbox 1479 4299 1569 4357; x_wconf 79' lang='lat'>20,</span> <span class='ocrx_word' id='word_1_407' title='bbox 1607 4299 1653 4347; x_wconf 79' lang='lat'>7.</span> <span class='ocrx_word' id='word_1_408' title='bbox 1725 4294 1947 4360; x_wconf 80' lang='grc' dir='ltr'>Ῥήγιον</span> <span class='ocrx_word' id='word_1_409' title='bbox 1996 4297 2210 4361; x_wconf 81' lang='lat' dir='ltr'>explevi</span> <span class='ocrx_word' id='word_1_410' title='bbox 2260 4312 2327 4347; x_wconf 82' lang='lat' dir='ltr'>ex</span> <span class='ocrx_word' id='word_1_411' title='bbox 2365 4298 2441 4348; x_wconf 82' lang='lat' dir='ltr'>St.</span> <span class='ocrx_word' id='word_1_412' title='bbox 2478 4297 2567 4356; x_wconf 88' lang='lat' dir='ltr'>B.,</span> <span class='ocrx_word' id='word_1_413' title='bbox 2614 4299 2798 4346; x_wconf 79' lang='lat' dir='ltr'>exstat</span> <span class='ocrx_word' id='word_1_414' title='bbox 2842 4294 3172 4346; x_wconf 80' lang='lat' dir='ltr'>vocabulum</span> 
     </span>
     <span class='ocr_line' id='line_1_42' title="bbox 588 4359 3172 4431; baseline -0.002 -14"><span class='ocrx_word' id='word_1_415' title='bbox 588 4368 757 4417; x_wconf 81' lang='lat' dir='ltr'>etiam</span> <span class='ocrx_word' id='word_1_416' title='bbox 803 4382 893 4431; x_wconf 85' lang='lat' dir='ltr'>ap.</span> <span class='ocrx_word' id='word_1_417' title='bbox 931 4364 1178 4429; x_wconf 79' lang='lat' dir='ltr'>Theogn.</span> <span class='ocrx_word' id='word_1_418' title='bbox 1220 4366 1341 4425; x_wconf 79' lang='lat'>122,</span> <span class='ocrx_word' id='word_1_419' title='bbox 1379 4366 1472 4425; x_wconf 80' lang='lat'>31,</span> <span class='ocrx_word' id='word_1_420' title='bbox 1511 4361 1728 4415; x_wconf 85' lang='grc' dir='ltr'>Ῥύτιόν</span> <span class='ocrx_word' id='word_1_421' title='bbox 1764 4362 1949 4414; x_wconf 80' lang='lat' dir='ltr'>adieci</span> <span class='ocrx_word' id='word_1_422' title='bbox 1994 4380 2061 4414; x_wconf 83' lang='lat' dir='ltr'>ex</span> <span class='ocrx_word' id='word_1_423' title='bbox 2098 4365 2163 4414; x_wconf 90' lang='lat' dir='ltr'>ll.</span> <span class='ocrx_word' id='word_1_424' title='bbox 2197 4364 2350 4415; x_wconf 89' lang='lat' dir='ltr'>Pros.</span> <span class='ocrx_word' id='word_1_425' title='bbox 2388 4362 2426 4414; x_wconf 92' lang='grc' dir='ltr'>Β</span> <span class='ocrx_word' id='word_1_426' title='bbox 2464 4366 2564 4414; x_wconf 83' lang='grc'>648</span> <span class='ocrx_word' id='word_1_427' title='bbox 2610 4362 2736 4412; x_wconf 84' lang='lat' dir='ltr'>coll.</span> <span class='ocrx_word' id='word_1_428' title='bbox 2777 4364 2857 4412; x_wconf 79' lang='lat' dir='ltr'>St.</span> <span class='ocrx_word' id='word_1_429' title='bbox 2898 4363 2986 4423; x_wconf 84' lang='lat' dir='ltr'>ss.‚</span> <span class='ocrx_word' id='word_1_430' title='bbox 3033 4359 3172 4425; x_wconf 85' lang='grc' dir='ltr'>Θρό-</span> 
     </span>
     <span class='ocr_line' id='line_1_43' title="bbox 587 4428 3173 4498; baseline -0.002 -14"><span class='ocrx_word' id='word_1_431' title='bbox 587 4448 737 4496; x_wconf 87' lang='grc' dir='ltr'>νιον,</span> <span class='ocrx_word' id='word_1_432' title='bbox 786 4433 930 4498; x_wconf 88' lang='lat' dir='ltr'>quod</span> <span class='ocrx_word' id='word_1_433' title='bbox 967 4428 1078 4482; x_wconf 74' lang='lat' dir='ltr'>iam</span> <span class='ocrx_word' id='word_1_434' title='bbox 1122 4446 1290 4497; x_wconf 83' lang='lat' dir='ltr'>supra</span> <span class='ocrx_word' id='word_1_435' title='bbox 1338 4431 1408 4481; x_wconf 86' lang='lat' dir='ltr'>ad</span> <span class='ocrx_word' id='word_1_436' title='bbox 1445 4430 1673 4495; x_wconf 88' lang='grc' dir='ltr'>θρόνιον</span> <span class='ocrx_word' id='word_1_437' title='bbox 1721 4431 2117 4496; x_wconf 78' lang='lat' dir='ltr'>appellativum</span> <span class='ocrx_word' id='word_1_438' title='bbox 2162 4433 2425 4497; x_wconf 79' lang='lat' dir='ltr'>apposui,</span> <span class='ocrx_word' id='word_1_439' title='bbox 2473 4447 2539 4480; x_wconf 86' lang='lat' dir='ltr'>ex</span> <span class='ocrx_word' id='word_1_440' title='bbox 2588 4428 2777 4480; x_wconf 88' lang='lat' dir='ltr'>eodem</span> <span class='ocrx_word' id='word_1_441' title='bbox 2820 4429 2886 4479; x_wconf 87' lang='grc' dir='ltr'>ΙΙ.</span> <span class='ocrx_word' id='word_1_442' title='bbox 2924 4430 3018 4478; x_wconf 87' lang='lat' dir='ltr'>Pr.</span> <span class='ocrx_word' id='word_1_443' title='bbox 3054 4428 3173 4478; x_wconf 86' lang='lat' dir='ltr'>loco</span> 
     </span>
     <span class='ocr_line' id='line_1_44' title="bbox 587 4496 3172 4566; baseline -0.003 -14"><span class='ocrx_word' id='word_1_444' title='bbox 587 4503 851 4566; x_wconf 83' lang='lat' dir='ltr'>repetivi,</span> <span class='ocrx_word' id='word_1_445' title='bbox 905 4500 1077 4550; x_wconf 81' lang='lat' dir='ltr'>habet</span> <span class='ocrx_word' id='word_1_446' title='bbox 1122 4515 1312 4550; x_wconf 84' lang='lat' dir='ltr'>vocem</span> <span class='ocrx_word' id='word_1_447' title='bbox 1369 4500 1534 4549; x_wconf 83' lang='lat' dir='ltr'>etiam</span> <span class='ocrx_word' id='word_1_448' title='bbox 1579 4500 1851 4564; x_wconf 80' lang='lat' dir='ltr'>Theogn.,</span> <span class='ocrx_word' id='word_1_449' title='bbox 1909 4496 2157 4563; x_wconf 79' lang='grc' dir='ltr'>(πήλιον</span> <span class='ocrx_word' id='word_1_450' title='bbox 2202 4525 2269 4533; x_wconf 91' lang='lat'>—-</span> <span class='ocrx_word' id='word_1_451' title='bbox 2314 4496 2543 4560; x_wconf 80' lang='grc' dir='ltr'>’Όβριον</span> <span class='ocrx_word' id='word_1_452' title='bbox 2603 4502 2731 4547; x_wconf 84' lang='lat' dir='ltr'><strong>sunt</strong></span> <span class='ocrx_word' id='word_1_453' title='bbox 2784 4512 2852 4546; x_wconf 87' lang='lat' dir='ltr'>ex</span> <span class='ocrx_word' id='word_1_454' title='bbox 2907 4497 3172 4560; x_wconf 84' lang='lat' dir='ltr'>Theogn.,</span> 
     </span>
     <span class='ocr_line' id='line_1_45' title="bbox 591 4564 3173 4633; baseline -0.002 -13"><span class='ocrx_word' id='word_1_455' title='bbox 591 4567 827 4633; x_wconf 88' lang='grc' dir='ltr'>Κούριον</span> <span class='ocrx_word' id='word_1_456' title='bbox 862 4584 931 4618; x_wconf 82' lang='lat' dir='ltr'>ex</span> <span class='ocrx_word' id='word_1_457' title='bbox 956 4567 1202 4632; x_wconf 83' lang='lat' dir='ltr'>Theogn.</span> <span class='ocrx_word' id='word_1_458' title='bbox 1242 4572 1299 4617; x_wconf 86' lang='lat' dir='ltr'>et</span> <span class='ocrx_word' id='word_1_459' title='bbox 1337 4566 1418 4617; x_wconf 81' lang='lat' dir='ltr'>St.</span> <span class='ocrx_word' id='word_1_460' title='bbox 1445 4570 1528 4631; x_wconf 88' lang='grc' dir='ltr'>Β.,</span> <span class='ocrx_word' id='word_1_461' title='bbox 1567 4564 1785 4631; x_wconf 89' lang='grc' dir='ltr'>Χώριον</span> <span class='ocrx_word' id='word_1_462' title='bbox 1822 4582 1891 4617; x_wconf 83' lang='lat' dir='ltr'>ex</span> <span class='ocrx_word' id='word_1_463' title='bbox 1915 4566 2187 4631; x_wconf 65' lang='lat' dir='ltr'>Theogn„</span> <span class='ocrx_word' id='word_1_464' title='bbox 2225 4564 2473 4618; x_wconf 88' lang='grc' dir='ltr'>Δαύνιον</span> <span class='ocrx_word' id='word_1_465' title='bbox 2511 4582 2577 4613; x_wconf 81' lang='lat' dir='ltr'>ex</span> <span class='ocrx_word' id='word_1_466' title='bbox 2602 4565 2849 4628; x_wconf 76' lang='lat' dir='ltr'>Theogn.</span> <span class='ocrx_word' id='word_1_467' title='bbox 2888 4568 2944 4613; x_wconf 84' lang='lat' dir='ltr'>et</span> <span class='ocrx_word' id='word_1_468' title='bbox 2979 4564 3173 4623; x_wconf 79' lang='lat' dir='ltr'><strong>St.·B.,</strong></span> 
     </span>
     <span class='ocr_line' id='line_1_46' title="bbox 590 4628 3172 4700; baseline -0.003 -12"><span class='ocrx_word' id='word_1_469' title='bbox 590 4634 782 4688; x_wconf 79' lang='grc' dir='ltr'>Οἷνιον</span> <span class='ocrx_word' id='word_1_470' title='bbox 820 4652 888 4686; x_wconf 79' lang='lat' dir='ltr'>ex</span> <span class='ocrx_word' id='word_1_471' title='bbox 918 4635 1165 4700; x_wconf 83' lang='lat' dir='ltr'>Theogn.</span> <span class='ocrx_word' id='word_1_472' title='bbox 1203 4631 1428 4686; x_wconf 76' lang='grc' dir='ltr'>(ἑςτιον</span> <span class='ocrx_word' id='word_1_473' title='bbox 1465 4650 1562 4700; x_wconf 89' lang='lat' dir='ltr'>pro</span> <span class='ocrx_word' id='word_1_474' title='bbox 1599 4632 1861 4699; x_wconf 77' lang='grc' dir='ltr'>Εέςτριον</span> <span class='ocrx_word' id='word_1_475' title='bbox 1897 4641 2149 4699; x_wconf 80' lang='lat' dir='ltr'>corrupto</span> <span class='ocrx_word' id='word_1_476' title='bbox 2185 4649 2255 4683; x_wconf 82' lang='lat' dir='ltr'>ex</span> <span class='ocrx_word' id='word_1_477' title='bbox 2287 4633 2547 4697; x_wconf 83' lang='lat' dir='ltr'>Theogn.·</span> <span class='ocrx_word' id='word_1_478' title='bbox 2573 4636 2629 4682; x_wconf 83' lang='lat' dir='ltr'>et</span> <span class='ocrx_word' id='word_1_479' title='bbox 2654 4631 2733 4683; x_wconf 80' lang='lat' dir='ltr'>St.</span> <span class='ocrx_word' id='word_1_480' title='bbox 2759 4633 2853 4693; x_wconf 86' lang='lat' dir='ltr'>B.‚</span> <span class='ocrx_word' id='word_1_481' title='bbox 2891 4628 3082 4692; x_wconf 80' lang='grc' dir='ltr'>Αἴγιον</span> <span class='ocrx_word' id='word_1_482' title='bbox 3107 4656 3172 4665; x_wconf 87' lang='lat'>—-</span> 
     </span>
     <span class='ocr_line' id='line_1_47' title="bbox 589 4700 3173 4767; baseline -0.004 -11"><span class='ocrx_word' id='word_1_483' title='bbox 589 4703 818 4756; x_wconf 81' lang='grc' dir='ltr'>Ἄκτιον</span> <span class='ocrx_word' id='word_1_484' title='bbox 855 4719 922 4752; x_wconf 82' lang='lat' dir='ltr'>ex</span> <span class='ocrx_word' id='word_1_485' title='bbox 946 4703 1193 4767; x_wconf 80' lang='lat' dir='ltr'>Theogn.</span> <span class='ocrx_word' id='word_1_486' title='bbox 1233 4706 1289 4751; x_wconf 83' lang='lat' dir='ltr'>et</span> <span class='ocrx_word' id='word_1_487' title='bbox 1326 4702 1406 4764; x_wconf 74' lang='lat' dir='ltr'>St.</span> <span class='ocrx_word' id='word_1_488' title='bbox 1445 4703 1533 4763; x_wconf 65' lang='lat' dir='ltr'>B„</span> <span class='ocrx_word' id='word_1_489' title='bbox 1570 4700 1783 4766; x_wconf 84' lang='lat' dir='ltr'>reliqua</span> <span class='ocrx_word' id='word_1_490' title='bbox 1819 4703 2003 4752; x_wconf 82' lang='lat' dir='ltr'>omnia</span> <span class='ocrx_word' id='word_1_491' title='bbox 2039 4717 2107 4752; x_wconf 81' lang='lat' dir='ltr'>ex</span> <span class='ocrx_word' id='word_1_492' title='bbox 2141 4702 2221 4752; x_wconf 81' lang='lat' dir='ltr'>St.</span> <span class='ocrx_word' id='word_1_493' title='bbox 2247 4702 2309 4754; x_wconf 92' lang='lat' dir='ltr'>B.</span> <span class='ocrx_word' id='word_1_494' title='bbox 2340 4704 2699 4752; x_wconf 66' lang='lat' dir='ltr'>accesserunt</span> <span class='ocrx_word' id='word_1_495' title='bbox 2736 4704 2957 4764; x_wconf 79' lang='lat' dir='ltr'>praeter</span> <span class='ocrx_word' id='word_1_496' title='bbox 2993 4704 3173 4748; x_wconf 82' lang='lat' dir='ltr'>extre-</span> 
     </span>
     <span class='ocr_line' id='line_1_48' title="bbox 589 4768 2037 4835; baseline -0.001 -11"><span class='ocrx_word' id='word_1_497' title='bbox 589 4787 731 4823; x_wconf 85' lang='lat' dir='ltr'>mum</span> <span class='ocrx_word' id='word_1_498' title='bbox 767 4769 1045 4835; x_wconf 79' lang='grc' dir='ltr'>Μέντιον,</span> <span class='ocrx_word' id='word_1_499' title='bbox 1086 4768 1232 4835; x_wconf 89' lang='lat' dir='ltr'>quod</span> <span class='ocrx_word' id='word_1_500' title='bbox 1270 4774 1356 4821; x_wconf 74' lang='lat' dir='ltr'>est</span> <span class='ocrx_word' id='word_1_501' title='bbox 1391 4785 1477 4835; x_wconf 85' lang='lat' dir='ltr'>ap.</span> <span class='ocrx_word' id='word_1_502' title='bbox 1515 4768 1764 4835; x_wconf 85' lang='lat' dir='ltr'>Theogn.</span> <span class='ocrx_word' id='word_1_503' title='bbox 1805 4770 1918 4829; x_wconf 79' lang='lat'><strong>125,</strong></span> <span class='ocrx_word' id='word_1_504' title='bbox 1956 4772 2037 4823; x_wconf 84' lang='lat'>14.</span> 
     </span>
    </p>
   </div>
  </div>
 </body>
</html>
