3664 5546
616 360 874 408 CCXXIV
979 412 1014 453 φ
1299 388 1302 393 »
1696 361 2114 410 PRAEFATIO.

785 515 877 578 St.
923 514 1000 577 Β.
1048 536 1101 577 s.
1154 516 1534 595 Κάναςτρον.
1603 515 1801 593 ἄκρον
1866 516 2117 598 Θρᾴκης
2172 516 2274 581 καὶ
2319 518 2752 582 Μακεδονίας·
2806 519 2883 583 τὸ
2944 517 3196 584 ἐθνικὸν

618 618 1060 697 Καναςτραῑος.
1162 616 1495 697 (οφοκλῆς
1562 619 1632 681 δὲ
1702 618 2235 697 ὑπομνηματίῑων
2305 619 2382 683 τὰ
2437 619 2894 699 Ἀργοναυτικὰ
2951 622 3195 685 «Κανα-

617 724 930 803 ςτραῑον,“
974 720 1158 801 φηςί,
1203 718 1624 798 ’ἀκρωτήριον
1678 723 1790 797 τῆς
1849 721 2225 803 Παλλήνης,
2289 720 2357 783 in
2420 718 2635 785 Schol.
2691 719 2911 807 Apoll.
2980 719 3015 785 I
3070 722 3196 787 598

620 824 1050 900 Καναςτραῖον
1117 820 1515 899 ἀκρωτήριον
1570 824 1681 897 τῆς
1736 822 2082 901 Παλλήνη(
2148 819 2444 905 legimus,
2559 821 2751 902 Quod
2818 823 2911 888 St.
2974 823 3196 903 habet,

614 946 759 987 eum
804 945 887 987 ex
932 921 1271 986 Catholica
1315 921 1666 1007 sumpsisse
1710 922 1985 1003 nemini,
2033 923 2140 987 cui
2183 924 2495 1009 Stephani
2541 923 2944 989 consuetudo
2990 924 3217 993 Hero-1

614 1026 879 1089 dianum
938 1022 1354 1088 exscribendi
1410 1025 1670 1108 cognita
1726 1033 1858 1105 est,
1915 1024 2294 1109 ambiguum
2350 1046 2492 1089 esse
2550 1035 2800 1111 potest,
2869 1024 2986 1090 sed
3042 1025 3197 1089 inde

616 1127 813 1190 etiam
868 1125 1219 1211 probatur,
1278 1124 1451 1211 quod
1509 1148 1614 1212 ap.
1661 1124 1952 1209 Theogn.
2006 1126 2153 1207 197,
2208 1126 2292 1192 23
2350 1137 2415 1192 et
2467 1128 2621 1191 Arc.
2676 1127 2829 1211 120,
2886 1126 2969 1191 28
3026 1126 3197 1191 inter

613 1229 880 1293 nomina
920 1227 990 1290 in
1032 1231 1182 1292 ῖῐιο-ιῑ
1226 1227 1422 1290 etiam
1473 1230 1907 1307 Καναςτραῑον
1952 1227 2239 1292 affertur.

783 1330 876 1395 St.
923 1329 995 1394 B.
1042 1329 1113 1409 9,
1160 1329 1199 1392 6
1241 1330 1463 1410 Ἄβροι
1505 1366 1591 1375 —-
1635 1330 1972 1410 βαρύνεται
2027 1333 2097 1395 δὲ
2156 1331 2246 1395 ὡς
2307 1331 2593 1413 Κίμβροι,
2653 1331 2766 1397 οὕς
2820 1332 2987 1396 τινές
3042 1352 3193 1411 φαςι

619 1434 1012 1516 Κιμμερίους,
1070 1431 1407 1514 (κόμβροι,
1465 1433 1568 1496 καὶ
1627 1431 1808 1496 οὗτοι
1865 1432 2086 1516 ἔθνος,
2157 1434 2247 1499 ὡς
2305 1432 2641 1513 (οφοκλῆς
2695 1432 3067 1496 Meinekius
3126 1433 3195 1495 in

614 1535 831 1599 indice
886 1532 971 1597 ad
1027 1532 1122 1598 St.
1166 1533 1245 1596 B.
1333 1531 1640 1618 Sophocli
1694 1533 2189 1597 commentatori
2248 1534 2580 1616 attribuit,
2636 1534 2878 1599 rectius
2936 1533 3190 1598 Nauck.

613 1636 697 1699 fr.
755 1646 919 1720 trag.
987 1657 1051 1721 p.
1109 1634 1265 1714 280,
1332 1632 1414 1696 fr.
1475 1635 1598 1699 988
1655 1634 1904 1719 tragico
1971 1635 2297 1718 assignat,
2366 1658 2517 1699 nam
2580 1634 2742 1700 nihil
2809 1635 2890 1700 de
2954 1633 3192 1721 populo

616 1739 918 1820 (κόμβροι
963 1737 1031 1799 in
1077 1733 1291 1801 Schol.
1336 1735 1640 1821 Apollon.
1677 1735 1992 1813 traditur.
2081 1735 2301 1799 Etiam
2345 1735 2439 1803 St.
2474 1738 2552 1803 Β.
2599 1738 2755 1817 202,
2805 1738 2883 1802 13
2930 1740 2969 1803 Γ
2972 1740 3197 1817 ενήτη(

617 1844 800 1921 λιμὴν
857 1842 959 1904 καὶ
1013 1840 1301 1919 ποταμὸς
1356 1838 1849 1922 [Καππαδοκίας
1903 1836 2099 1901 Mein.
2161 1837 2405 1923 additJ.
2502 1841 2937 1906 Ἀπολλώνιος
2993 1840 3195 1919 ἄκραν

618 1944 954 2023 Γενηταίαν
1000 1942 1164 2023 φηςί.
1254 1941 1588 2021 (οφοκλῆς
1641 1941 1936 2020 ποταμὸν
1984 1941 2023 2004 Γ
2025 1941 2217 2019 ε’νητα
2271 1942 2476 2020 φηςίν.
2565 1942 2730 2006 ἔςτιν
2787 1942 2906 2007 οὖν
2962 1942 3031 2006 ἐκ
3082 1946 3197 2019 τῆς

619 2048 656 2110 Γ
659 2047 884 2124 ένητος
927 2047 1177 2121 γενικῆς
1228 2045 1265 2107 Γ
1269 2046 1561 2122 ενηταῖος
1617 2044 1719 2106 καὶ
1764 2043 1803 2106 Γ
1805 2041 2066 2120 ενηταία
2125 2040 2302 2120 ἄκρα.
2391 2044 2492 2106 καὶ
2533 2043 2609 2107 τὸ
2658 2044 2697 2107 Γ
2700 2044 2924 2123 ενήτης
2968 2044 3038 2108 ἐκ
3082 2048 3193 2121 τῆς

618 2149 884 2227 Γένητος
941 2148 1030 2211 ὡς
1083 2150 1195 2223 τῆς
1253 2144 1597 2210 Οἰδίποδος
1653 2144 1999 2223 Οἰδιπόδης
2052 2146 2155 2208 καὶ
2216 2145 2521 2223 τρίποδος
2575 2144 2893 2224 τριπόδης.
2991 2144 3191 2222 Ἡρω-

535 2242 550 2257 '
617 2250 837 2314 διανός
892 2250 994 2320 δὲ,
1030 2249 1162 2313 «ὡς
1218 2248 1294 2311 τὸ
1352 2247 1645 2325 ςεληναία
1709 2246 2017 2325 ἁμαξαία»
2086 2247 2251 2325 φηςί.
2305 2282 2391 2293 -
2453 2244 2821 2309 Meinekius
2890 2243 3192 2331 Sophocli

616 2350 908 2434 assignat
949 2348 1290 2435 interpreti
1335 2345 1696 2433 Apollonii,
1744 2347 1812 2409 in
1857 2345 2040 2410 cuius
2090 2345 2365 2412 Scholiis
2412 2346 2482 2411 ΙΙ
2524 2347 2646 2411 378
2690 2347 2957 2431 legitur:
3009 2348 3048 2411 Γ
3050 2368 3190 2425 ενη-

616 2456 795 2531 ταίην
842 2453 1001 2531 ὑπὲρ
1046 2452 1273 2531 ἄκρηνε
1324 2452 1623 2530 Γενηταία
1678 2450 1840 2529 ἄκρα
1887 2451 2117 2528 κυρίως
2162 2450 2335 2514 οὕτω
2382 2451 2690 2529 λεγομένη
2745 2448 2876 2514 ἀπὸ
2924 2450 2963 2513 Γ
2966 2450 3192 2528 ένητος

616 2560 941 2639 ποταμοῦ,
986 2555 1142 2619 ἔνθα
1184 2554 1348 2618 Διὸς
1392 2554 1630 2618 Ξενίου
1674 2552 1850 2631 ἱερόν
1897 2551 2046 2628 ἑςτι;
2095 2551 2211 2614 sed
2256 2549 2514 2614 Nauck.
2559 2573 2624 2636 p.
2655 2550 2779 2614 273
2823 2550 2906 2613 fr.
2939 2549 3063 2614 929
3108 2549 3193 2613 ad

617 2668 879 2742 poetam
932 2655 1163 2735 refert,
1222 2665 1297 2719 ut
1358 2652 1518 2716 mihi
1575 2653 1841 2740 quidem
1894 2652 2158 2717 videtur
2212 2653 2473 2717 rectiUS.
2577 2651 2746 2715 Nam
2801 2673 3193 2738 quamquam

616 2756 963 2845 Apollonio
1010 2766 1206 2844 poeta
1251 2756 1441 2820 modo
1487 2755 1819 2821 nominato
1877 2755 2017 2819 eius
2075 2764 2653 2820 commentatorem
2708 2752 2895 2819 citari
2950 2754 3195 2840 pariter

614 2870 806 2948 atque
850 2883 903 2923 s·
950 2861 1236 2940 Ἀβαρνίς
1279 2868 1503 2944 aptum
1549 2867 1680 2939 est,
1725 2868 1944 2923 tamen
1987 2857 2196 2942 magis
2243 2855 2457 2943 placet
2510 2855 2889 2941 intellegere
2932 2866 3194 2941 poetam

616 2961 1033 3049 Sophoclem,
1081 2983 1122 3048 a
1164 2983 1291 3048 quo
1335 2983 1571 3026 nomen
1614 2958 1897 3024 fluminis
1953 2958 2317 3023 adhibitum
2379 2959 2495 3041 sit,
2558 2982 2752 3046 quam
2807 2967 3194 3023 commenta·

616 3075 857 3144 torem,
904 3065 1017 3149 qui
1062 3085 1177 3148 per
1222 3064 1626 3127 occasionem
1670 3071 1925 3126 tantum
1971 3060 2054 3125 ad
2101 3060 2493 3147 explicanda
2546 3060 2751 3125 verba
2802 3070 3031 3146 poetae
3076 3059 3192 3124 flu-

617 3167 809 3230 minis
858 3169 895 3231 Γ
899 3167 1048 3245 ένης
1099 3165 1490 3228 mentionem
1545 3164 1774 3228 iniicit.
1865 3164 2243 3246 Caeterum,
2302 3164 2425 3229 etsi
2480 3160 2895 3227 Herodianus
2952 3161 3194 3226 citatur

614 3277 870 3332 tantum
910 3278 1176 3353 propter
1230 3265 1730 3353 explicationem
1786 3266 2025 3351 speciei
2073 3267 2397 3346 Γενηταία,
2454 3274 2675 3329 tamen
2727 3273 2939 3328 totum
2993 3262 3191 3328 adno-

616 3379 973 3434 tamentum
1020 3392 1103 3433 ex
1147 3390 1221 3433 eo
1266 3377 1596 3453 sumptum
1641 3376 1740 3431 est
1784 3376 1851 3431 et
1879 3367 2140 3454 quidem
2184 3391 2266 3432 ex
2297 3366 2573 3432 diversis
2603 3364 2760 3430 locis
2792 3363 3191 3445 Catholicae,

616 3475 896 3557 primum
941 3493 1026 3536 ex
1068 3493 1174 3550 e0,
1222 3470 1335 3534 ubi
1381 3468 1460 3532 de
1503 3469 1876 3534 nominibus
1924 3468 2265 3554 bisyllabis
2322 3470 2391 3531 in
2434 3471 2551 3549 νῆῖ
2604 3468 2923 3552 agebatur
2977 3477 3043 3531 et
3089 3469 3128 3532 Γ
3132 3468 3191 3532 ε’-

616 3596 731 3653 νηε
773 3595 888 3659 pro
935 3572 1230 3658 exemplo
1277 3594 1424 3634 cum
1466 3571 1835 3636 testimonio
1883 3570 2220 3657 Sophoclis
2276 3570 2543 3635 allatum
2599 3580 2770 3646 erat,
2827 3567 3064 3634 deinde
3109 3592 3193 3633 ex

617 3699 724 3757 eo,
771 3675 887 3739 ubi
934 3677 1200 3755 Γενήτης
1244 3683 1509 3759 propter
1552 3683 1888 3738 accentum
1932 3671 2259 3760 prolatum
2304 3683 2370 3737 et
2413 3672 2605 3737 simul
2651 3695 2735 3738 ex
2778 3693 2956 3736 more
2986 3671 3191 3736 Hero-

618 3777 852 3842 dianeo
900 3776 1248 3860 originatio
1294 3784 1798 3851 commemorata
1826 3775 1981 3857 fuit,
2029 3776 2222 3840 tertio
2269 3797 2351 3839 ex
2393 3797 2501 3857 e0,
2548 3774 2661 3839 ubi
2708 3773 2787 3838 de
2818 3773 3190 3838 nominibus

617 3881 684 3945 in
731 3884 838 3944 ἇΓα
881 3900 1090 3964 sermo
1133 3878 1264 3940 fuit
1305 3887 1372 3939 et
1414 3877 1781 3962 expositum
1825 3888 1966 3942 crat
1997 3880 2034 3942 Γ
2038 3879 2294 3958 ενηταία
2324 3878 2485 3958 ἄκρα
2529 3877 2625 3940 sic
2654 3874 2947 3961 intellegi
2976 3898 3188 3963 posse,

617 3992 691 4048 ut
748 3982 1044 4061 Γενηταία
1109 3989 1222 4043 aut
1286 4001 1405 4064 pro
1462 3978 1787 4044 adiectivo
1845 3979 1930 4042 ad
1986 3979 2147 4058 ὤφα
2202 3979 2502 4044 attributi
2557 3978 2766 4042 instar
2821 3978 3191 4064 appositum

618 4107 760 4150 esse
826 4085 938 4148 aut
1000 4104 1118 4168 pro
1187 4081 1601 4146 substantivo
1668 4102 1814 4144 cum
1883 4080 2292 4166 appositione
2357 4083 2519 4161 ἄκρα
2588 4088 2974 4167 usurpatum
3047 4102 3189 4144 esse

619 4187 1062 4265 existimetur,
1110 4182 1284 4268 quod
1329 4184 1649 4269 posterius
1696 4184 1753 4248 si
1783 4193 2109 4266 sumatur,
2159 4186 2196 4248 Γ
2200 4186 2457 4264 ενηταία
2497 4182 3006 4269 comparandum
3045 4204 3190 4246 esse

618 4312 765 4353 cum
810 4289 1103 4368 ςεληναία
1146 4287 1442 4370 ἁμαξαία,
1499 4285 1689 4371 quasi
1733 4307 1816 4350 ex
1863 4288 2092 4365 Γενήτη
2150 4298 2409 4352 auctum
2468 4286 2557 4348 sit
2610 4284 2693 4350 cf.
2741 4284 2904 4350 Lob.
2948 4283 3189 4350 Parall.
3239 4342 3243 4345 ,

617 4414 683 4478 p.
728 4391 874 4456 315.

791 4492 1009 4573 Quum
1063 4490 1317 4556 duobus
1373 4488 1565 4573 locis,
1622 4490 1737 4555 ubi
1783 4488 2132 4575 Sophocles
2190 4498 2656 4556 commentator
2710 4487 3042 4577 Apollonii
3097 4488 3187 4552 in-

621 4594 980 4680 tellegitur,
1029 4592 1293 4658 disertis
1338 4592 1559 4657 verbis
1605 4594 2136 4673 ὑπομνηματίζων
2190 4595 2268 4658 τὰ
2312 4594 2764 4673 Ἀργοναυτικὰ
2810 4591 2951 4656 sive
2993 4596 3187 4656 τοῦτο

621 4699 744 4784 (sc.
801 4694 1124 4784 singulum
1182 4692 1513 4781 Apollonii
1568 4695 1858 4781 versum)
1915 4694 2519 4777 circumscribatur,
2581 4694 2662 4759 iis
2728 4704 2948 4759 autem
3004 4692 3186 4774 lociS,

622 4822 781 4889 quos
836 4798 1208 4864 Mcinekius
1265 4796 1413 4861 huic
1467 4807 1804 4884 praetcrea
1858 4796 2191 4879 attribuit,
2252 4797 2414 4861 haec
2470 4796 2801 4862 distinctio
2858 4795 3063 4880 absit,
3120 4795 3189 4861 in
