3664 5546
1162 313 1328 377 'rtem
1370 321 1763 377 ΚΑΘΟΛΙΚΗ(
1799 321 2224 377 ΠΡΟΕΩιΔΙΑ(
2273 323 2350 376 ΙΑ.
2926 321 3053 384 283

464 496 718 573 ςτήριον
764 493 1112 572 Ἀθηναίων
1156 493 1332 571 παρὰ
1375 493 1451 557 τὸ
1499 492 1729 557 «ἁλέες
1774 496 1997 557 δεῦτε»
2044 492 2439 569 παράγωγον
2484 493 2633 556 ἁλία
2676 492 2780 555 καὶ
2824 491 3050 569 ἡλιαία.

334 679 341 684 .
464 597 534 660 Ἡ
553 596 757 675 ραία·
796 594 1003 659 οὕτως
1035 594 1325 689 ἐκαλε-ῑτο
1355 594 1394 672 ἡ
1425 594 1709 659 ἐλάττων
1740 593 1965 674 Ὕβλα
2015 593 2449 658 Καςταναία
2477 593 2664 658 πόλις
2696 592 3051 657 Θεςςαλίας.

464 697 740 765 Εὔδοξος
784 698 855 761 δὲ
901 696 1006 760 διὰ
1048 700 1167 759 τοῦ
1212 702 1248 760 θ
1279 696 1445 776 φηςί.
1510 696 1872 775 Λυκόφρων
1906 696 1995 776 (v.
2027 694 2181 775 907)
2212 696 2360 758 «καὶ
2393 695 2780 759 Καςταναίαν
2810 693 3051 773 ἀκτέρι-

465 819 614 865 ςτον
645 799 716 863 ἐν
746 798 1066 876 πέτραις».
1116 796 1445 862 Κοςςαία
1489 798 1681 876 μέρος
1723 797 2065 875 Περςίδος·
2112 796 2410 876 Ετράβων
2455 797 2533 868 ις]
2578 798 2665 881 (p.
2699 795 2868 876 744).
2927 795 3054 861 ἔςτι

465 902 567 965 καὶ
597 900 848 982 Θρᾴκης
878 898 1232 977 πολίχνιον.
1295 898 1627 977 Καρταία
1655 898 1842 963 πόλις
1873 898 2161 980 Ἰβηρίας,
2203 899 2349 977 περὶ
2389 897 2465 976 ἧς
2494 898 2951 977 Ἀρτεμίδωρος
2982 897 3053 962 ἐν
3088 903 3121 952 5

466 1003 745 1086 δευτέρῳ
787 1000 1410 1081 γεωγραφουμένων.
1473 998 1807 1086 Κυρταία
1850 1000 2038 1064 πόλις
2082 1000 2153 1065 ἐν
2196 1006 2273 1084 τῇ
2319 1000 2584 1082 Ἐρυθρᾷ
2626 999 2931 1082 θαλάςςῃ,
2966 999 3055 1063 εἰς

465 1105 545 1181 ἣν
588 1103 981 1181 ὑπερώριςεν
1012 1101 1415 1179 Ἀρταξέρξης
1460 1101 1858 1181 Μεγάβυζον.
1931 1101 2187 1178 Κτηςίας
2230 1101 2423 1185 τρίτῳ
2465 1102 2812 1179 Περςικῶν.
2872 1101 3053 1165 Κυτ-

464 1205 641 1271 ταία
685 1203 871 1269 πόλις
919 1203 1224 1285 Κολχική,
1270 1204 1309 1280 ἢ
1353 1205 1458 1267 καὶ
1503 1203 1681 1267 Κύτα.
1727 1201 2090 1282 Λυκόφρων
2120 1204 2211 1284 (v,
2247 1201 2461 1283 1312)‘
2487 1203 2601 1266 «ὃς
2647 1203 2736 1267 εἰς
2784 1202 3084 1266 Κυταίανι

464 1307 581 1384 τὴν
625 1304 996 1385 Λιβυςτίνην
1042 1305 1324 1384 μολών».
1381 1303 1801 1384 Λιβυςςαία
1844 1304 1975 1369 ἀπὸ
2019 1308 2137 1369 τοῦ
2181 1303 2460 1384 Λίβυςςα
2519 1304 2849 1382 Λιμναία
2878 1304 3054 1382 κώμη

465 1411 583 1471 τοῦ
625 1408 917 1485 Ἄργους.
1006 1404 1398 1483 Θουκυδίδης
1439 1403 1531 1487 (2,
1563 1404 1694 1488 80).
1785 1405 2149 1485 Νυμφαία
2190 1405 2229 1483 ἡ
2275 1408 2467 1483 νῆςος
2501 1406 2843 1484 Καλυψοῦς
2883 1407 3057 1483 παρὰ
3094 1409 3160 1462 10
3259 1497 3270 1508 ,

465 1515 558 1592 τῷ
602 1508 833 1591 Ἀδρίᾳ.
901 1507 1215 1586 Ὀρδαία
1257 1507 1443 1571 πόλις
1502 1507 1919 1573 Μακεδονίας.
1963 1507 2374 1585 Παρθυαία
2415 1506 2454 1584 ἡ
2499 1507 2696 1585 χώρα.
2763 1508 3053 1585 Παροι-

466 1609 642 1674 ταία
686 1610 867 1688 χώρα
907 1612 1019 1686 τῆς
1049 1608 1351 1686 Ἐρυθρᾶς
1380 1609 1690 1699 θαλόιςςης
1718 1607 2002 1686 πληςίον.
2057 1608 2483 1686 Παρωραία
2513 1609 2839 1687 Ἀρκαδίας
2869 1608 3054 1672 πόλις

362 1751 369 1760 f
466 1711 507 1788 ἡ
553 1711 653 1775 καὶ
694 1709 1056 1788 Παρώρεια.
1122 1709 1252 1774 ἔςτι
1305 1711 1409 1775 καὶ
1454 1710 1857 1774 Μακεδονίας
1912 1709 2113 1774 πόλις.
2200 1710 2505 1788 Περαία
2557 1710 2895 1788 πολίχνιον
2940 1710 3054 1774 (υ-

471 1812 623 1890 ρίας.
711 1812 838 1876 ἔςτι
883 1812 988 1876 καὶ
1030 1811 1210 1889 χώρα
1257 1812 1571 1890 Κορίνθου
1613 1811 1860 1889 Περαία
1904 1812 2234 1890 λεγομένη.
2322 1810 2627 1875 Πυλαία
2669 1811 2872 1876 τόπος
2918 1811 3052 1889 Ἀρ-

470 1912 717 1995 καδίας,
784 1913 859 1977 ὃς
922 1913 1026 1976 καὶ
1077 1912 1304 1976 Πύλαι.
1382 1897 1721 1991 ’Πυραία
1784 1916 1977 1991 μοῖρα
2033 1911 2374 1978 Θεςςαλίας
2440 1912 2854 1992 ώνομαςμένη
2921 1911 3053 1977 ἀπὸ
3091 1923 3157 1974 15

468 2014 705 2092 Πύρας.
794 2013 1208 2092 Πυρηναία
1250 2013 1438 2078 πόλις
1481 2013 1805 2092 Λοκρίδος.
1872 2014 2297 2094 Πυρωναία
2339 2014 2527 2079 πόλις
2570 2014 2878 2092 Λοκρίδος
2923 2013 3054 2078 ἀπὸ

465 2115 785 2194 Πύρωνος
829 2115 1136 2194 «Λοκρῶν
1182 2114 1396 2190 ἀγυιαί
1450 2116 1553 2179 καὶ
1595 2115 1972 2193 Πυρωναῑαι
2029 2116 2266 2181 νάπαι»
2325 2113 2683 2201 (Lycophr.
2731 2136 2795 2176 v.
2847 2114 3053 2195 1149).

467 2217 777 2296 Ῥηναία
830 2217 1017 2296 μικρὰ
1071 2220 1266 2294 νῆςος
1322 2217 1592 2294 πληςίον
1648 2217 1912 2299 Δήλου,
1969 2218 2008 2295 ἣ
2063 2219 2166 2282 καὶ
2220 2217 2409 2295 Ῥήνη
2466 2217 2568 2281 καί
2622 2216 2844 2295 Ῥηνίς.
2931 2216 3053 2280 Αἰ-

468 2319 725 2398 θραία·
782 2318 990 2384 οὕτως
1048 2320 1339 2390 ἐκαλεῖτο
1394 2319 1433 2396 ἡ
1480 2317 1733 2383 Ῥόδος.
1822 2318 2332 2385 Ῥοξονοκαία
2386 2318 2587 2383 πόλις.
2678 2318 3057 2395 Τιθοραία

469 2421 655 2484 πόλις
699 2419 1005 2484 Βοιωτίας
1047 2417 1179 2485 ἀπὸ
1223 2420 1479 2499 νύμφης
1523 2420 1893 2502 Τιθοραίας,
1941 2422 2033 2485 ὡς
2075 2419 2440 2485 Παυςανίας
2485 2420 2522 2483 ι’
2567 2417 2701 2501 (32,
2748 2417 2835 2498 8).
2880 2419 3053 2497 Τρι-
3090 2431 3160 2482 20

471 2520 645 2584 ταία
688 2521 877 2586 πόλις
908 2521 1174 2599 Ἀχαίας.
1238 2521 1539 2601 Ετράβων
1585 2520 1786 2605 ὀγδόῃ
1830 2523 1919 2607 (p.
1950 2520 2121 2605 341).
2186 2521 2416 2586 Ἰδαία
2459 2521 2497 2597 ἡ
2544 2520 2808 2599 ὕςτερον
2839 2520 3053 2598 Τροία.

475 2621 685 2686 οὕτως
730 2622 1018 2686 ἐκαλεῖτο
1075 2625 1175 2687 καὶ
1231 2623 1269 2700 ἡ
1320 2624 1540 2702 Κρήτη.
1630 2622 1991 2703 Τυμφαία
2044 2623 2246 2688 πόλις.
2334 2623 2601 2687 Ὑλαία
2657 2623 2837 2701 χώρα
2879 2623 3055 2686 Πον-

472 2723 639 2805 τική,
686 2724 891 2803 Ἀβικὴ
938 2725 1251 2803 λεγομένη
1293 2725 1616 2791 τουτέςτιν
1673 2724 1874 2790 ὑλαία.
1963 2725 2378 2804 Ἀλέξανδρος
2433 2724 2505 2789 ἐν
2558 2730 2650 2807 τῷ
2693 2725 2838 2803 περὶ
2880 2724 3054 2790 Πόν-

472 2845 605 2888 του.
692 2825 988 2902 Φηγαία
1032 2829 1232 2905 δῆμος
1275 2830 1386 2904 τῆς
1429 2828 1725 2906 Αἰγηΐδος
1770 2829 1996 2906 φυλῆς.

638 2926 732 2990 Τὰ
789 2926 879 2991 εἰς
933 2930 974 2990 a
1027 2929 1311 3006 καθαρὸν
1377 2931 1697 3007 μονογενῆ
1765 2928 2264 3007 παραληγόμενα
2325 2932 2359 2993 ἒ
2425 2928 2795 3010 βαρύνεται,
2863 2929 2916 2993 εἰ
2973 2931 3053 3007 μή
3089 2940 3156 2991 25

470 3028 859 3106 πληθυντικὰ
900 3028 940 3107 ἢ
985 3031 1345 3107 περιεκτικὰ
1375 3029 1472 3107 εἴη
1486 3079 1504 3112 ,
1550 3029 1745 3111 Ῥέα,
1788 3030 1954 3113 θέα,
2000 3030 2162 3109 ὅπερ
2215 3029 2620 3108 (υρακόςςιοι
2662 3029 2785 3093 θάα
2828 3030 3052 3105 λέγου-

471 3150 600 3211 ςιν,
642 3130 720 3194 τὸ
767 3131 837 3193 δὲ
882 3131 1019 3195 θεά
1062 3130 1379 3198 ὀξύνεται·
1425 3131 1550 3195 ἔςτι
1596 3133 1667 3195 δὲ
1710 3134 1813 3217 καὶ
1845 3132 1996 3196 Θέα
2040 3131 2227 3196 πόλις
2255 3131 2636 3209 Λακωνικῆς.
2692 3130 3055 3210 Φιλόχορος

469 3230 675 3311 τρίτῳ.
775 3231 973 3309 Βρέα
1037 3232 1223 3297 πόλις
1282 3233 1563 3315 Θρᾴκης,
1628 3232 1716 3298 εἰς
1781 3233 1862 3310 ἣν
1928 3231 2225 3297 ἀποικίαν
2291 3233 2649 3298 ἐςτείλαντο
2716 3233 3052 3311 Ἀθηναῖοι.

472 3330 637 3412 γέα,
705 3332 768 3397 ἐξ
835 3331 914 3395 οὗ
978 3336 1067 3415 γῆ
1127 3334 1468 3417 ςυνῃρέθη·
1535 3334 1662 3399 ἔςτι
1729 3336 1831 3397 καὶ
1877 3335 1916 3397 Γ
1931 3335 2017 3398 έα
2081 3335 2267 3400 πόλις
2331 3334 2599 3412 πληςίον
2654 3334 2926 3412 Πετρῶν
2983 3334 3054 3399 ἐν

472 3432 758 3513 Ἀραβίᾳ,
813 3432 904 3497 ὡς
962 3434 1238 3500 Γλαῦκος
1306 3435 1377 3500 ἐν
1433 3437 1723 3518 Ἀραβικῇ
1780 3434 2217 3519 ἀρχαιολογίᾳ.
2317 3436 2621 3500 πτελέα.
2711 3435 2878 3500 ἰτέα
2935 3437 3052 3500 «ὃν
3089 3444 3159 3497 30
3234 3424 3251 3438 ‘

471 3533 729 3597 πτελέαι
772 3553 841 3597 τε
885 3535 987 3596 καὶ
1031 3534 1227 3599 ἰτέαι»
1273 3535 1359 3618 (Φ
1400 3536 1555 3618 350)
1600 3536 1703 3602 καὶ
1748 3536 1826 3600 «ὁ
1873 3539 1944 3601 δὲ
1988 3538 2262 3615 πτελέην
2307 3537 2412 3602 ἕλε
2457 3538 2707 3616 χερςίν»
2754 3535 2840 3619 (Φ
2882 3534 3052 3616 242).

471 3633 577 3698 ἐπὶ
631 3636 745 3712 μὲν
801 3632 921 3698 οὖν
976 3635 1215 3701 τούτου
1269 3638 1429 3701 κατὰ
1482 3639 1600 3716 τὴν
1668 3639 2013 3716 αἰτιατικὴν
2067 3639 2304 3704 πτῶςίν
2356 3660 2526 3704 τινες
2591 3637 2916 3704 ὀξύνουςι·
2970 3674 3057 3684 -

473 3736 574 3800 διὸ
620 3736 722 3799 καὶ
764 3736 882 3813 τὴν
938 3736 1195 3802 εὐθεῖάν
1247 3759 1416 3804 τινες
1471 3738 1750 3805 ὤξυνον·
1792 3776 1880 3787 -
1921 3742 2023 3805 καὶ
2068 3744 2268 3820 δῆλον
2325 3740 2422 3806 ὅτι
2481 3742 2639 3805 κατὰ
2695 3742 3054 3820 μεταβολὴν

475 3908 641 3915 ,—.-....-
688 3907 877 3914 ---—-..——..

473 4026 613 4076 θαια.
821 4025 856 4076 1.
900 4027 958 4075 19
1005 4023 1269 4090 Τιθοραία
1314 4027 1372 4076 in
1415 4028 1777 4094 suspicionem
1821 4034 1989 4091 vocat
2025 4030 2266 4080 Meinek.
2314 4030 2474 4079 unice
2513 4027 2750 4092 Τιθορέα
2797 4030 3052 4093 probiane,

472 4091 619 4143 idem
656 4090 815 4145 Ὑαία
852 4120 915 4128 ———
952 4091 1114 4145 πόλις
1151 4092 1386 4158 Λοκρῶν
1421 4096 1543 4147 τῶν
1581 4094 1848 4149 Ὀζολῶν.
1894 4096 1963 4147 τὸ
2002 4095 2225 4148 ἐθνικὸν
2264 4095 2464 4148 ’Υαῑος.
2511 4094 2854 4159 Θουκυδίδης
2890 4108 2924 4144 τ
2963 4093 3052 4159 ίτῃ

472 4159 544 4223 (c.
582 4161 729 4224 101),
767 4162 861 4211 ubi
899 4160 1074 4213 Ὑαῖοι
1120 4168 1593 4223 commemoratur,
1640 4181 1708 4214 ex
1752 4165 1858 4213 hoc
1894 4163 2069 4215 Ὑαῑοι
2113 4165 2296 4214 fictum
2344 4180 2466 4214 esse
2501 4164 2730 4216 iudicat.
2799 4109 3055 4213 Eueath.

473 4229 647 4277 refert
684 4234 903 4293 praeter
927 4244 1022 4290 ea,
1060 4244 1201 4294 quae
1238 4232 1523 4296 proposui,
1562 4229 1871 4294 μελιςςαία,
1909 4228 2134 4294 οὐραία,
2174 4228 2396 4293 λιμναία
2421 4248 2472 4296 p.
2503 4232 2633 4282 1758
2672 4235 2729 4280 et
2755 4227 3051 4292 καλαμαία,

472 4293 701 4414 agonia,
738 4293 953 4348 ἀλκαία
984 4295 1077 4348 ἐπὶ
1125 4296 1383 4379 λέοντος,
1420 4297 1764 4362 προνομαία,
1810 4295 2011 4348 ἀκταία
2052 4297 2207 4378 παρὰ
2246 4296 2527 4361 Καλλιμάχ
2628 4314 2681 4363 p.
2719 4300 2847 4378 474,
2883 4301 2950 4347 44
2996 4304 3054 4378 et

471 4361 763 4497 ἓιὲὲἑῖῃὲ·
778 4365 1151 4498 ξέοξῡωξὲ..
1164 4363 2853 4499 ⁰:333&“53534113252221233332‘3„ssxffion'thssss¹¹¹
2897 4366 3054 4484 ¹1¹?ssss

473 4514 571 4580 pfo
607 4498 657 4551 εἰ
692 4499 767 4564 μὴ
804 4499 1181 4564 προςηγορικά
1216 4501 1413 4567 scripsi
1449 4500 1498 4553 εἰ
1531 4502 1608 4583 μὴ
1646 4497 2023 4563 πληθυντικά,
2071 4516 2196 4551 nam
2244 4501 2462 4580 nomina
2509 4502 2718 4581 urbium
2763 4500 3056 4567 pluraliter

473 4566 1153 4700 3:553252231013‘23‘25,
1168 4569 1974 4702 ssfssgsbssz‘ztvssff?⁰32ssgffls.
2011 4569 2249 4687 &²225
2279 4569 3053 4701 ἒὲἔίἓίῗῖιωῶἳθέἕιῗῗῦἓζ

472 4703 557 4763 20,
593 4701 706 4754 Θέα
743 4703 873 4753 urbs
909 4703 1101 4754 addita
1137 4709 1224 4755 est
1259 4721 1327 4755 ex
1363 4704 1442 4753 St.
1477 4704 1556 4765 B„
1597 4701 1636 4754 Β
1676 4702 1741 4755 ἑα
1777 4719 1846 4753 ex
1882 4703 2129 4769 Theogn.
2168 4709 2225 4753 et
2262 4704 2343 4756 St.
2369 4705 2457 4762 B„
2496 4705 2630 4754 item
2665 4702 2781 4765 γέα.
2818 4730 2882 4739 -
2921 4718 3052 4755 πτε-

474 4766 575 4820 λέα
611 4767 730 4822 ἰτέα
767 4770 984 4836 explevi
1018 4787 1087 4822 ex
1123 4771 1302 4823 Schol.
1336 4774 1385 4823 A
1422 4771 1495 4821 ad
1527 4770 1591 4821 11.
1700 4772 1828 4825 242:
1868 4770 2142 4836 πτελέην;
2180 4774 2361 4825 ταῦτα
2399 4771 2740 4836 Ἡρωδιανὸς
2775 4771 2838 4823 ἐν
2874 4775 2944 4838 τῇ
2983 4763 3054 4824 ια’
