3664 5546
1174 354 1332 408 ΠΕΡΙ
1375 351 1766 406 ΚΑΘΟΛΙΚΗΕ
1802 340 2225 405 ΠΡΟΕΩιΔΙΑ(
2265 350 2341 403 ΙΒ.
2929 345 3053 408 313

470 532 509 609 ἢ
560 531 826 594 Κελτῶν.
891 526 1172 607 (κύμνος
1216 527 1286 589 δὲ
1330 524 1653 589 Φωκαέων
1699 523 1900 601 αὐτήν
1944 543 2133 602 φηςιν
2179 523 2249 586 ἐν
2293 527 2370 603 τῇ
2417 519 2703 601 Εὐρώπῃ.
2759 516 3054 595 Τιμοςθέ-

472 652 584 710 νης
627 632 699 696 δὲ
744 631 814 694 ἐν
871 635 962 712 τῷ
1009 632 1360 713 ςταδιαςμῷ
1405 626 1676 704 Ἀγαθὴν
1721 625 1919 702 τύχην
1965 622 2164 702 αὐτήν
2208 643 2372 704 φηςι.
2462 621 2517 686 εἰ
2571 622 2643 684 δὲ
2698 618 2903 683 οὕτως
2957 619 3056 683 λέ-

447 753 688 814 ·γοιτο,
733 732 836 796 καὶ
879 730 1166 798 ὀξύνοιτ’
1211 730 1290 793 ἂν
1339 729 1434 821 mg
1458 727 1844 808 ἐπιθετικόν,
1891 726 1982 790 ώς
2010 726 2085 790 τό
2116 724 2377 802 Ἡραῖον
2406 726 2619 800 τεῑχος
2657 722 2758 786 καὶ
2785 722 3056 798 Ἥραιον

474 836 577 900 καὶ
605 833 896 913 Ἑρμαῖος
927 834 1134 912 λόφος
1165 833 1266 896 καὶ
1294 832 1609 910 Ἕρμαιος.
1659 829 1783 893 ἔςτι
1815 829 1887 892 δὲ
1917 828 2021 891 καὶ
2049 825 2210 903 ἄλλη
2241 825 2448 907 πόλις,
2481 825 2571 890 ὡς
2602 822 2839 905 Φίλων,
2871 821 3055 897 Λιγυ-

475 936 659 1003 ςτίων
691 936 794 1000 ἐπὶ
825 935 1043 1015 λίμνης
1072 932 1411 1009 Λιγυςτίας.
1468 932 1632 1009 τάχα
1677 930 1732 994 δ’
1776 930 1815 1008 ἡ
1848 929 2008 1007 αὐτή
2054 928 2178 993 ἑςτι
2221 935 2297 1012 τῇ
2340 928 2594 1011 πρώτῃ,
2642 927 2732 990 ώς
2762 923 3053 991 Εὔδοξος.
3098 932 3130 981 5

476 1038 812 1117 βαρύνεται
844 1037 932 1102 δέ.
979 1037 1054 1100 τὸ
1087 1037 1158 1100 δὲ
1190 1034 1429 1111 ἀγαθός
1473 1032 1722 1111 ἀγαθή
1766 1031 2050 1109 τριγενες
2081 1029 2170 1094 ώς
2199 1031 2301 1093 καὶ
2330 1030 2405 1094 τὸ
2436 1029 2707 1107 κακηθός
2752 1027 3057 1105 κακηθή.

643 1141 739 1203 Τὰ
782 1139 870 1204 εἰς
911 1139 994 1215 ἶῆ
1038 1137 1379 1215 διςύλλαβα
1431 1136 1616 1214 φύςει
1663 1139 1867 1217 μακρᾷ
1920 1131 2418 1211 παραληγόμενα
2472 1129 2899 1195 ἀςυνάλειπτα
2952 1132 3059 1207 βα-

478 1242 767 1322 ρύνεται,
826 1239 1151 1318 ἀρχόμενα
1195 1224 1326 1302 fine>
1382 1238 1731 1316 ςυμφώνου
1784 1236 1824 1313 ἢ
1882 1235 2276 1315 ςυμφώνων,
2334 1234 2414 1312 μὴ
2470 1231 2782 1309 ποιότητα
2835 1232 3062 1309 φωνῆς

477 1343 723 1418 ἀλόγου
780 1341 952 1407 ζώου
1008 1338 1422 1420 ςημαίνοντα,
1481 1338 1776 1416 Γλαύκη
1821 1338 1898 1402 τὸ
1943 1337 2198 1416 κύριον,
2253 1335 2550 1411 γλαυκή
2606 1335 2680 1397 δὲ
2732 1333 2809 1397 τὸ
2856 1332 3061 1396 ἐπιθε·

477 1444 652 1509 τικόν
711 1443 991 1520 «γλαυκὴ
1050 1443 1121 1506 δέ
1172 1442 1238 1505 ς’
1294 1441 1493 1505 ἔτικτε
1560 1440 1877 1504 θάλαςςα»
1935 1434 2039 1519 (ΙΙ.
2085 1438 2149 1501 Π
2192 1434 2320 1517 34).
2408 1436 2643 1513 λεύκη
2698 1435 2775 1499 τὸ
2829 1454 3061 1512 προςη-
3100 1441 3165 1492 10

476 1545 741 1623 γορικὸν
787 1544 889 1607 καὶ
931 1543 1176 1622 Λεύκη
1221 1543 1474 1623 κύριον,
1531 1542 1765 1619 λευκή
1823 1542 1895 1604 δὲ
1950 1540 2025 1604 τὸ
2084 1538 2377 1602 ἐπίθετον
2432 1538 2534 1601 καὶ
2577 1535 2826 1614 Λευκή
2871 1540 3061 1614 νῆςος

478 1647 998 1724 ἐπιθετικώτερον
1032 1644 1404 1722 τεταγμένη.
1451 1644 1711 1721 πεύκη.
1757 1642 1885 1706 ἔςτι
1932 1641 2034 1705 καὶ
2077 1644 2268 1717 νῆςος
2313 1639 2384 1703 ἐν
2428 1645 2519 1721 τῷ
2560 1639 2812 1721 Ἴςτρῳ,
2857 1638 3060 1719 νίκη,

478 1749 745 1829 φρίκη,
803 1748 1026 1827 βήκη,
1081 1746 1298 1826 θήκη,
1355 1744 1600 1824 φώκη·
1668 1743 1794 1809 ἔςτι
1849 1745 1953 1807 καὶ
2006 1743 2231 1820 Φώκη
2287 1741 2525 1818 Ἰωνικὴ
2582 1741 2798 1821 πόλις,
2864 1741 2903 1817 ἣ
2961 1741 3063 1803 καὶ

478 1850 754 1913 Φώκαια.
856 1837 1112 1930 Θρᾴκη
1169 1848 1348 1925 χώρα
1413 1845 1544 1910 ἀπὸ
1591 1846 1841 1929 Θρᾳκὸς
1906 1844 2207 1923 βαςιλέως
2272 1847 2389 1907 τοῦ
2443 1842 2639 1906 πάλαι
2706 1842 2776 1908 ἐν
2843 1841 3064 1906 αὐτοῖς

478 1951 972 2028 τελευτήςαντος
1031 1950 1070 2027 ἢ
1128 1947 1258 2013 ἀπὸ
1314 1948 1563 2029 Θρᾴκης
1619 1947 1872 2027 νύμφης
1916 1946 2277 2026 Τιτανίδος,
2332 1944 2474 2024 μεθ’
2527 1926 2602 2022 ἧς
2658 1945 2760 2007 καὶ
2816 1942 2859 2007 (ἶ
2873 1963 2915 2007 α
2927 1964 3061 2022 μο-
3102 1948 3164 1998 15

479 2053 718 2134 θρᾴκη
774 2056 965 2130 νῆςος
1018 2051 1182 2128 πρὸς
1235 2055 1311 2134 τῇ
1358 2049 1573 2132 Θρᾴκῃ
1629 2049 1941 2113 ςυνθέτως
1996 2049 2064 2112 ἐκ
2108 2050 2226 2111 τοῦ
2272 2045 2514 2129 Θρᾳκία
2557 2044 2778 2123 (Σάμος.
2866 2046 2942 2110 τὸ
2994 2046 3065 2109 δὲ

480 2154 670 2232 μυκή
736 2152 1026 2217 ὀξύνεται
1094 2154 1400 2231 ςημαῑνον
1466 2142 1697 2229 φωνὴν
1767 2152 2049 2215 λεόντος.
2149 2149 2225 2213 τὸ
2270 2149 2360 2213 ’δὲ
2414 2146 2552 2225 ἠκή
2609 2145 2866 2225 ἄρχεται
2933 2146 3065 2211 ἀπὸ

480 2256 876 2334 φωνήεντος.
964 2254 1040 2317 τὸ
1087 2254 1158 2317 δὲ
1203 2255 1380 2329 ςυκῆ
1428 2251 1558 2316 ἀπὸ
1603 2255 1720 2316 τοῦ
1765 2252 1954 2316 ςυκέα
1995 2252 2417 2331 ςυναλειφθὲν
2462 2251 2851 2327 περιςπᾶται.
2941 2247 3066 2311 ἔςτι

482 2357 584 2420 καὶ
628 2354 824 2432 (υκῆ
869 2354 1055 2418 πόλις
1098 2353 1358 2432 ἀντικρὺ
1406 2355 1767 2421 Βυζαντίου.
1860 2352 2158 2432 (τρὰβων
2203 2351 2269 2431 (7
2317 2373 2376 2436 p.
2423 2348 2577 2432 319)
2632 2351 2853 2414 ἑνικῶς
2899 2350 3065 2425 λέγει

482 2455 701 2534 (Συκῆν.
765 2455 1153 2533 οἰκειότερον
1201 2455 1303 2535 δέ,
1353 2456 1440 2519 ώς
1486 2456 1814 2535 λέγονται,
1862 2452 2053 2517 (υκαῑ
2096 2453 2379 2529 λέγοιντ’
2424 2452 2521 2516 ἄν.
2588 2452 2714 2516 ἔςτι
2759 2450 2863 2516 καὶ
2905 2449 3065 2528 ἄλλη
3102 2458 3170 2508 20

483 2557 643 2634 (υκῆ
690 2556 955 2635 πληςίον
1002 2553 1433 2632 (υρακουςῶν.
1523 2556 1625 2618 καὶ
1672 2555 1954 2619 Κιλικίας.
2035 2554 2159 2619 ἔςτι
2203 2555 2306 2618 καὶ
2348 2553 2534 2632 ἑτέρα
2578 2553 3066 2631 Ἀλεξανδρείας.
3108 2551 3123 2561 ’

653 2657 746 2721 Τὰ
791 2657 879 2721 εἰς
924 2659 1006 2732 κῆ
1050 2654 1299 2735 ἰαμβικά
1344 2655 1800 2739 ἀςυνάλειπτα,
1848 2656 1902 2720 εἰ
1947 2658 2061 2736 μὲν
2105 2663 2197 2740 τῷ
2239 2660 2279 2719 ὃ
2325 2656 2794 2736 παραλήγοιτο,
2849 2654 3067 2721 ὀξύνε-

483 2780 584 2824 ται
616 2757 921 2838 ῥηματικὰ
966 2755 1156 2840 ὄντα,
1204 2757 1419 2821 πλέκω
1463 2759 1745 2840 πλοκή,
1793 2758 1959 2823 δέκω
1991 2759 2179 2837 δοκή
2226 2758 2602 2840 ήύπόνοια,
2646 2757 2822 2822 πέκω
2868 2757 3068 2835 ποκή

464 2859 559 2925 ’τὸ
604 2860 799 2938 ἔριον.
885 2860 962 2924 τὸ
1009 2859 1227 2937 μέντοι
1281 2859 1517 2937 κρόκη
1578 2859 1709 2924 ἀπὸ
1754 2863 1871 2924 τοῦ
1928 2861 2171 2938 κροκός.
2262 2859 2315 2924 εἰ
2371 2861 2441 2924 δὲ
2499 2858 2677 2943 ἄλλῳ
2723 2859 3069 2942 φωνήεντι,

485 2962 860 3043 βαρύνεται,
910 2960 1093 3037 δίκη.
1183 2960 1308 3024 ἔςτι
1365 2961 1436 3024 δὲ
1492 2965 1686 3025 τοῦτο
1752 2965 2106 3043 ςημειῶδες.
2195 2962 2273 3026 τὰ
2317 2961 2441 3039 γὰρ
2498 2961 2586 3025 εἰς
2642 2964 2729 3039 fri
2788 2960 3070 3039 λήγοντα
3104 2972 3169 3022 25

482 3063 723 3142 θηλυκὰ
777 3063 1120 3141 διςύλλαβα
1174 3066 1496 3140 μονογενῆ
1554 3062 1906 3144 βαρύτονα,
1968 3061 2075 3127 ὅτε
2130 3062 2262 3140 ἔχει
2316 3064 2444 3141 πρὸ
2500 3063 2729 3128 τέλους
2781 3063 2858 3126 τὸ
2906 3065 2963 3144 ῑ,
3030 3064 3068 3140 ἢ

485 3165 983 3244 ςυνεςταλμένον
1045 3161 1174 3241 ἔχει
1231 3163 1389 3229 αὐτὸ
1444 3165 1484 3242 ἢ
1540 3163 1975 3243 ἐκτεταμένον.
2065 3166 2167 3229 καὶ
2219 3165 2366 3230 τότε
2411 3165 2524 3244 μὲν
2571 3165 3115 3254 ςυνεςταλμένον.

485 3265 681 3330 ὁπότε
738 3265 1086 3344 ςύμφωνον
1144 3264 1367 3343 ὁρᾶται
1423 3267 1551 3344 πρὸ
1606 3269 1723 3330 τοῦ
1778 3268 1814 3328 ἶ(
1858 3268 2252 3348 καταλῆγον,
2306 3266 2451 3330 τότε
2507 3267 2578 3330 δὲ
2632 3265 3070 3347 ἐκτεταμένον,

485 3366 683 3430 ὁπότε
729 3366 851 3444 οὐχ
897 3365 1104 3430 οὕτως
1149 3365 1279 3444 ἔχει
1326 3365 1470 3433 οἷον
1521 3366 1737 3446 Κίρκη,
1781 3367 2018 3449 Δίρκη,
2063 3367 2305 3446 Τρίκκη.
2373 3367 2775 3432 ςυνέςταλται
2822 3369 2893 3432 δὲ
2922 3368 3070 3431 τού-

483 3488 615 3531 των
660 3467 736 3531 τὸ
779 3468 841 3547 ἶ,
898 3467 1037 3531 ἐπεὶ
1080 3468 1428 3547 ςύμφωνον
1486 3468 1565 3547 ἦν
1611 3469 1738 3546 πρὸ
1782 3472 1900 3532 τοῦ
1945 3473 1994 3533 κ.
2082 3473 2199 3533 τοῦ
2244 3471 2315 3534 δὲ
2358 3469 2585 3548 ἑτέρου
2638 3467 2806 3550 νίκη,
2863 3470 3070 3548 φρίκη.
3108 3477 3177 3528 30

487 3569 684 3633 λείπει
728 3566 853 3646 ἄρα
897 3568 936 3646 ἡ
982 3569 1115 3646 δίκη
1162 3569 1199 3646 ἢ
1233 3570 1448 3654 χρόνῳ
1493 3570 1532 3647 ἢ
1565 3571 1907 3654 ςυμφώνῳ.
1952 3568 2147 3648 Λύκη
2180 3571 2433 3655 κύριον,
2480 3572 2666 3649 κάκη
2713 3571 2752 3649 ἡ
2790 3570 3069 3636 κάκωςις.

637 3856 672 3906 l.
709 3859 741 3907 9
787 3855 1003 3920 γλαυκή
1047 3854 1110 3908 δὲ
1154 3883 1220 3892 -—
1265 3855 1505 3908 θάλαςςα
1550 3858 1738 3908 addidi
1787 3875 1855 3909 ex
1900 3858 1961 3910 Il.
2000 3862 2091 3910 Pr.
2127 3857 2166 3912 C
2204 3861 2294 3923 39,
2341 3861 2435 3911 ubi
2479 3858 2677 3913 ἐνθάδε
2722 3857 2991 3926 ὲβάρυνεν
3036 3858 3068 3911 ό

489 3923 843 3989 Ἀρίςταρχος
887 3924 957 3977 τὸ
998 3923 1212 3989 Γλαύκη
1258 3922 1336 3976 εἰς
1371 3926 1679 3989 ἀποφυγὴν
1722 3930 1826 3978 τοΟ
1874 3925 2192 3979 ἐπιθετικοῦ
2240 3931 2344 3979 τοῦ
2383 3930 2499 3979 κτλ.
2584 3929 2654 3978 ef.
2692 3929 2867 3978 Lehrs
2902 3928 3070 3979 Arist.

486 3995 587 4043 264
625 3998 682 4042 et
720 3994 817 4042 146
854 3992 937 4042 ed.
976 3993 1056 4055 ΙΙ,
1095 3991 1266 4056 λεύκη
1303 3992 1373 4044 τὸ
1410 3992 1821 4059 προςηγορικόν
1859 4001 1915 4045 et
1951 3994 2123 4060 λευκή
2160 3995 2230 4047 τὸ
2267 3992 2533 4047 ἐπίθετον
2570 3997 2751 4047 adieci
2788 4011 2856 4045 ex
2891 3995 2956 4045 Il.
2986 3997 3073 4046 Pr.

485 4058 522 4111 Ε
548 4063 647 4110 292
684 4057 972 4124 πρυμνήν;
1015 4058 1276 4125 πρυμνήν
1314 4058 1392 4112 ὡς
1419 4058 1657 4126 πυκνήν,
1698 4059 1963 4113 ἐπίθετον
1999 4061 2127 4127 γάρ·
2168 4062 2309 4114 ὅταν
2333 4062 2395 4114 δὲ
2422 4061 2574 4115 ἰδίως
2600 4061 2693 4114 ἐπὶ
2718 4065 2821 4112 τοῦ
2849 4059 3070 4125 πλοίου,
3146 4060 3151 4068 ’

487 4126 801 4191 βαρύνομεν
838 4126 918 4179 ὡς
955 4126 1129 4192 λευκή
1168 4127 1257 4179 καὶ
1293 4126 1481 4191 λεύκη.
1531 4127 1715 4193 Λευκή
1754 4131 1920 4193 νῆςος
1958 4127 2429 4194 ἐπιθετικώτερον
2464 4129 2781 4194 τεταγμένη
2818 4130 2937 4195 ipse
2976 4145 3073 4195 ap·

524 4197 645 4246 osui
681 4201 904 4260 propter
941 4196 1211 4261 Stephani
1247 4200 1532 4246 accentum
1570 4195 1773 4248 Λευκαί
1810 4199 1976 4260 νῆεοε
2011 4215 2064 4263 p.
2094 4201 2207 4259 107,
2248 4201 2310 4248 14
2348 4203 2404 4248 et
2430 4201 2542 4259 152,
2573 4202 2636 4249 10
2672 4195 2855 4260 Λευκή
2892 4199 3075 4261 νῆςος.

545 4262 643 4314 εύκ
728 4264 912 4314 insula
958 4264 1180 4314 adiecta
1227 4268 1314 4314 est
1351 4279 1416 4314 ex
1454 4265 1532 4316 St.
1571 4266 1661 4325 Β.,
1710 4262 1857 4328 βήκη
1892 4291 1959 4300 —-
1995 4265 2164 4328 φώκη
2215 4281 2280 4316 ex
2317 4266 2563 4330 'Pheog-n.
2606 4269 2726 4325 109,
2768 4266 2860 4327 28,
2898 4263 3074 4329 Φώκη

485 4330 522 4381 i.
560 4347 610 4395 q.
701 4328 881 4382 ώκαια
919 4347 986 4380 ex
1022 4331 1280 4383 Eustath.
1317 4331 1386 4381 ad
1425 4331 1651 4395 Dionys.
1687 4335 1815 4395 437,
1862 4330 2052 4397 Θρᾴκη
2091 4348 2157 4381 ex
2195 4332 2273 4382 St.
2310 4335 2399 4396 Β.,
2448 4330 2777 4397 (αμοθρᾴκη
2816 4348 2882 4382 ex
2919 4334 3075 4382 Eust.

488 4398 558 4447 ad
603 4399 832 4461 Dionys.
871 4402 996 4459 520,
1037 4397 1147 4463 ήκή
1185 4415 1283 4465 pro
1322 4396 1445 4461 ώκή
1492 4399 1807 4449 emendavit
1842 4400 1980 4450 Lob.
2018 4400 2209 4451 Rhem.
2247 4402 2366 4453 267.
2436 4399 2506 4451 τὸ
2551 4399 2612 4451 δὲ
2648 4401 2784 4463 ςυκῆ
2822 4427 2887 4435 -
2925 4414 3076 4464 περι-

490 4466 690 4516 (πᾶται
737 4467 855 4530 ipso
901 4482 1113 4516 canone
1160 4466 1442 4516 indicante
1489 4465 1681 4516 addidi
1726 4471 1784 4517 et
1829 4464 1978 4530 (υκῆ
2025 4465 2189 4519 πόλι(
2237 4483 2304 4518 ex
2340 4469 2420 4517 St.
2470 4469 2533 4522 Β.
2585 4473 2796 4518 mutato
2844 4472 3075 4518 accentu

492 4530 638 4593 (nam
675 4530 823 4597 Ευκή
862 4531 1031 4586 (υκαί
1069 4536 1335 4600 scriptum
1373 4533 1476 4596 est)
1516 4533 1722 4584 collato
1759 4534 2029 4586 Ahrensio
2066 4534 2132 4585 de
2170 4535 2302 4587 dial.
2340 4535 2526 4586 Dorie.
2567 4552 2619 4600 p.
2655 4537 2739 4598 64,
2779 4537 2808 4585 7
2845 4541 2901 4585 et
2936 4535 3072 4586 Lob.

488 4599 688 4650 Parall.
725 4604 824 4651 316
859 4617 980 4651 cum
1014 4609 1125 4655 not.
1155 4605 1232 4651 12.
1338 4602 1372 4651 l.
1401 4605 1466 4651 23
1503 4618 1600 4666 pro
1635 4600 1784 4653 δέκω
1820 4600 1961 4667 ὁοκή
1997 4601 2031 4665 ἡ
2070 4601 2311 4654 ὑπόνοια
2338 4603 2686 4653 Hermannus
2723 4603 2795 4653 ad
2822 4603 3073 4666 Aesehyl.
3168 4615 3179 4622 ·

489 4668 764 4731 Agamem.
801 4685 852 4720 v.
890 4671 990 4720 403
1028 4670 1284 4735 proponit
1319 4666 1468 4721 δέκω
1516 4668 1656 4734 δοκή
1693 4667 1729 4731 ἡ
1769 4669 1936 4734 δοχή,
1983 4668 2121 4734 δόκη
2171 4669 2231 4722 δὲ
2267 4669 2303 4733 ή
2343 4669 2598 4722 ὑπόνοια.
2640 4698 2701 4726 -:-
2738 4669 2940 4735 κροκό(
2978 4687 3075 4736 pro

497 4733 754 4784 librorum
801 4737 1071 4800 scriptura
1118 4736 1319 4801 κρόκος
1373 4738 1693 4788 emendavit
1728 4739 1866 4788 Lob.
1906 4738 2070 4789 Proll.
2110 4741 2173 4789 12
2210 4745 2310 4789 not
2394 4739 2500 4789 Pro
2547 4736 2595 4790 εἰ
2638 4736 2699 4789 δὲ
2744 4738 2902 4805 ἄλλῳ
2948 4752 3076 4801 ςυμ-

501 4800 683 4867 φώνῳ
739 4804 896 4868 posui
947 4803 1253 4868 φωνήεντι.
1343 4808 1497 4869 Quae
1553 4805 1623 4855 ad
1680 4803 1807 4870 δίκη
1864 4806 2053 4857 addita
2106 4811 2259 4872 sunt,
2298 4812 2520 4873 sumpta
2575 4824 2642 4858 ex
2694 4808 2838 4859 Mon.
2888 4810 2977 4872 14,
3027 4810 3075 4857 1.

2260 4967 2293 4978 ae
