3664 5546
1159 395 1318 450 ΠΕΡΙ
1359 394 1750 450 ΚΑΘΟΛΙΚΗ(
1786 393 2206 449 ΠΡΟΕΩιΔΙΑ(
2244 396 2296 448 ς.
2901 396 3016 460 157

440 566 705 646 λυίςτωρ
750 565 821 633 ἐν
849 571 943 652 τῷ
973 566 1119 645 περὶ
1146 566 1423 645 Φρυγίας
1452 566 1675 651 τρίτῳ,
1719 567 1836 632 τὸν
1870 567 2114 632 Γάλλον
2144 566 2247 631 καὶ
2290 567 2406 631 τὸν
2435 566 2647 630 Ἄττιν
2690 564 3020 646 ἀποκόψαι

435 669 516 733 τὰ
569 668 783 734 αἰδοῖα
837 670 939 734 καὶ
1000 670 1119 736 τὸν
1183 671 1297 749 μὲν
1358 669 1601 735 Γάλλον
1667 668 1878 734 ἐλθεῖν
1944 667 2048 733 ἐπὶ
2110 669 2226 733 τὸν
2281 667 2515 746 Τηρίαν
2570 668 2865 747 ποταμὸν
2919 669 3021 732 καὶ

438 770 678 850 οἰκῆςαι
722 772 824 835 καὶ
865 773 1160 851 ποταμὸν
1194 771 1439 837 Γάλλον
1482 770 1752 836 καλέςαι.
1799 769 1920 834 ἀπ’
1950 769 2198 835 ἐκείνου
2242 770 2365 847 γὰρ
2393 771 2548 835 τοὺς
2590 769 3020 850 τεμνομένους

437 874 516 937 τὰ
560 873 774 941 αἰδοῖα
815 873 1098 950 γάλλους
1141 875 1441 939 καλοῦςιν
1485 908 1571 919 -—
1612 873 1718 937 καὶ
1761 871 1967 937 ἔθνος.
2014 870 2327 938 Ψύλλος
2371 873 2447 937 τὸ
2491 872 2730 950 κύριον.
2778 871 3019 950 Ἀγροί-

434 995 548 1040 τας
604 975 662 1040 α’
706 974 1019 1056 Λιβυκῶν·
1079 975 1533 1055 «ἀνδρωθέντα
1587 976 1659 1039 δὲ
1701 973 1818 1039 τὸν
1877 974 2244 1054 Ἀμφίθεμιν
2288 974 2618 1053 πληςιάςαι
2670 976 2809 1038 ταῖς
2862 974 3015 1054 νύμ-
3046 987 3079 1035 5

437 1097 590 1158 φαις
647 1078 750 1143 καὶ
804 1080 1101 1156 γεννῆςαι
1156 1080 1390 1143 παῖδας
1445 1074 1939 1159 Ἀδυρμαχίδαν,
1992 1074 2459 1160 Ἀραραύκηλα,
2513 1075 2843 1159 Ἀςβύταν,
2902 1075 3020 1140 Βά-

435 1182 630 1262 καλα,
678 1179 938 1263 Μάκαν,
984 1180 1306 1246 Ψύλλον».
1382 1179 1508 1261 ἀφ’
1552 1177 1632 1243 οὗ
1678 1178 1936 1242 Ψύλλοι.
1969 1178 2045 1242 τὸ
2091 1176 2311 1260 ἔθνος,
2355 1178 2502 1257 περὶ
2545 1174 2644 1241 οὗ.
2670 1176 3021 1256 Ἡρόδοτος

435 1282 703 1366 τετάρτῃ
760 1280 847 1363 (ο.
896 1279 1047 1365 173)
1104 1281 1476 1362 «Ναςαμῶςι
1531 1279 1974 1360 προςόμουροί
2027 1277 2139 1345 εἰςι
2184 1279 2488 1344 Ψύλλοι».
2579 1279 2923 1345 (κύλλος
2982 1278 3020 1344 ὁ

435 1384 861 1467 κολυμβητής,
906 1383 1207 1448 Φέλλος
1251 1384 1327 1448 τὸ
1359 1383 1604 1466 κύριον,
1635 1382 1926 1447 Ἡςίοδος
1958 1381 2255 1448 «Φέλλον
2288 1380 2625 1461 ἐϋμμελίην
2655 1382 3020 1460 τηλεκλειτὴ

439 1486 822 1569 Μελίβοια»,
892 1486 1233 1565 Γρύλλος
1296 1485 1576 1565 καθάρας
1635 1485 1789 1573 τοὺς
1854 1484 2298 1562 Διοςκούρους
2366 1484 2457 1549 ὡς
2516 1483 3020 1565 Φιλοςτέφανος,
3059 1496 3125 1547 10

441 1587 765 1654 Κόλλος·
809 1587 1236 1667 Δημόγνητος
1281 1586 1352 1652 ἐν
1395 1593 1487 1671 τῷ
1531 1586 1678 1666 περὶ
1725 1586 1982 1651 Κνίδου·
2039 1588 2182 1651 «καὶ
2229 1585 2515 1662 Κόκκυγα
2557 1586 2671 1651 τὸν
2718 1585 3018 1668 Τελέςτο-

437 1710 553 1768 ρος
604 1689 709 1755 καὶ
754 1689 1003 1755 Κόλλον
1058 1691 1175 1755 τὸν
1231 1688 1456 1768 (κίρου
1510 1691 1613 1754 καὶ
1666 1689 1974 1765 Λώγαςον
2029 1689 2147 1754 τὸν
2199 1688 2578 1767 Αὐτονόμου
2633 1689 2736 1752 καὶ
2796 1688 3018 1766 Κτῆςιν

434 1793 554 1857 τὸν
599 1792 1015 1872 Μνηςιθέου».
1093 1791 1379 1857 Γίλλος.
1451 1790 1802 1871 Ἡρόδοτος
1845 1790 1902 1866 γ’
1950 1789 2036 1872 (c.
2085 1788 2255 1874 138).
2342 1789 2649 1855 Φύλλος
2705 1790 2892 1855 πόλις
2948 1789 3018 1854 έν

438 1894 764 1979 Θετταλίᾳ.
856 1892 1152 1975 (τράβων
1198 1894 1253 1958 θ’
1299 1892 1392 1980 (p.
1436 1892 1593 1979 435)
1650 1894 2009 1972 ἀρςενικῶς.
2096 1892 2345 1958 Ῥιανὸς
2401 1894 2472 1957 δὲ
2515 1891 2775 1958 Φύλλον
2831 1896 3018 1970 θηλυ-

436 2000 564 2061 κῶς
620 1996 690 2063 ἐν
746 1995 801 2059 θ’
857 1996 1252 2061 Θεςςαλικῶν
1320 1995 1427 2060 «οἱ
1482 1996 1549 2061 δ>
1614 1994 1793 2076 ἄφαρ
1858 1994 2264 2060 ὁπλιςθέντες
2325 1993 2466 2060 ἴςαν
2534 1994 2816 2073 κραναὴν
2872 1994 3025 2083 ποτὶ
3065 2007 3123 2057 15

437 2098 696 2163 Φύλλον
713 2122 756 2162 ».
810 2097 1171 2177 Τράλλος
1215 2097 1403 2163 ἔθνος
1449 2097 1778 2180 Ἰλλυρίας,
1825 2098 1892 2162 οἳ
1936 2098 2038 2161 καὶ
2066 2096 2373 2176 Τράλλεις
2416 2097 2591 2175 παρὰ
2635 2095 3021 2181 Θεοπόμπῳ.

440 2201 758 2266 Μάλλος
802 2199 840 2265 ὁ
885 2200 1126 2278 κτίςτης
1169 2201 1424 2266 πόλεως
1472 2200 1758 2266 Μαλλοῦ.
1831 2198 2127 2264 Κύλλος
2170 2200 2248 2263 τὸ
2292 2199 2549 2282 κύριον,
2594 2195 2674 2263 οὗ
2719 2197 3022 2277 μέμνηται

437 2304 539 2367 καὶ
581 2302 1042 2383 Ἀριςτοφάνης
1095 2303 1199 2367 καὶ
1255 2304 1562 2382 Κρατῖνος
1618 2301 1690 2369 ἐν
1736 2303 2123 2367 Μαλθακοῖς.
2210 2301 2287 2366 τὸ
2345 2302 2417 2367 δὲ
2469 2301 2756 2381 κολιλός
2803 2299 3021 2367 ὀξύνε-

436 2426 537 2470 ται
595 2405 685 2470 ὡς
741 2404 1115 2471 ἐπιθετικόν.
1189 2406 1291 2469 καὶ
1341 2406 1418 2471 τὸ
1473 2403 1798 2471 Μαλλός
1842 2404 2121 2481 θηλυκὸν
2176 2402 2386 2482 ὄνομα
2436 2402 2689 2491 πόλεως
2738 2402 3021 2467 Κιλικίας.

442 2507 838 2587 Καλλίμαχος
891 2506 1117 2570 Αἰτίων
1159 2507 1415 2593 πρώτῳ.
1503 2507 1606 2572 καὶ
1657 2506 1734 2571 τὸ
1779 2505 2083 2570 Φελλός
2132 2504 2320 2569 πόλις
2361 2503 2762 2585 Παμφυλίας.
2849 2504 3021 2568 Ἀλέ-
3057 2518 3124 2569 20

437 2614 709 2688 ξανδρος
753 2607 792 2672 ὁ
835 2607 1212 2687 Πολυίςτωρ
1257 2609 1327 2674 ἑν
1371 2615 1464 2694 τῷ
1517 2609 1663 2687 περὶ
1714 2606 1942 2673 Λυκίας
1999 2606 2250 2671 Φελλὸν
2294 2607 2396 2671 καὶ
2439 2604 2854 2686 Ἀντίφελλον
2899 2606 3019 2672 Λυ-

438 2711 572 2777 κίας
625 2709 790 2776 εἶναί
840 2731 1008 2791 φηςι.
1097 2711 1495 2791 ςεςημείωται
1551 2711 1627 2776 τὸ
1673 2708 1934 2775 Ἑλλός
1988 2710 2028 2789 ἢ
2087 2707 2369 2773 (ελλός
2416 2706 2620 2789 «ἀμφὶ
2675 2710 2746 2772 δὲ
2799 2706 3022 2772 (ελλοὶ

440 2815 539 2878 ςοὶ
581 2812 831 2879 ναίους’
876 2813 1243 2894 ὑποφῆται»
1286 2811 1394 2896 (Il.
1439 2814 1505 2879 Π
1545 2812 1724 2897 234).

607 2915 700 2981 Τὰ
744 2915 833 2980 εἰς
878 2916 997 2980 δύο
1043 2905 1125 2981 λλ
1151 2916 1584 2996 προςηγορικά
1601 2966 1619 3000 ,
1651 2914 1706 2980 εἰ
1736 2916 1818 2996 μὴ
1850 2915 2286 2993 παραλήγοιεν
2317 2918 2382 2999 ἶ,
2412 2916 2514 2979 καὶ
2543 2915 2754 2981 πάντα
2782 2915 2863 2979 τὰ
2891 2934 3017 2992 τρι-

438 3021 591 3097 γενῆ
623 3017 947 3103 ὀξύνεται,
977 3019 1304 3103 μαλλός,
1345 3018 1679 3102 φαλλός,
1721 3018 2046 3101 θαλλός,
2077 3017 2402 3101 φελλός,
2435 3018 2799 3101 ςκελλός,
2831 3019 3017 3082 πολ·
3055 3031 3122 3080 25

440 3258 687 3313 (κύλλος
721 3289 788 3297 —
831 3257 1020 3313 Γίλλος
1058 3265 1186 3312 sunt
1222 3277 1288 3312 ex
1324 3260 1473 3309 Mon.
1512 3264 1762 3325 recepta,
1800 3257 2022 3311 Φύλλος
2062 3275 2129 3309 ex
2166 3258 2246 3310 st.
2285 3259 2374 3320 Β.,
2423 3274 2489 3307 ex
2540 3257 2732 3310 eodem
2767 3253 3019 3320 Τράλλος

442 3335 500 3379 οι
535 3328 791 3395 Μάλλος,
843 3328 1076 3381 Μαλλός
1122 3327 1284 3380 πόλις
1324 3325 1561 3380 Κιλικίας
1608 3325 1722 3379 ἀπὸ
1769 3325 2006 3378 Μάλλου
2050 3323 2341 3378 κτίςαντος
2386 3323 2569 3391 αὐτήν
2615 3341 2756 3391 quae
2801 3327 3021 3376 nomina

439 3399 805 3462 comparanda
849 3402 980 3449 sunt
1024 3414 1144 3448 eum
1180 3396 1416 3449 Φαῑςτος
1454 3395 1691 3449 Φαιςτός
1738 3396 1811 3451 cf.
1849 3395 2023 3446 Lehrs
2066 3396 2236 3446 Arist.
2274 3397 2372 3445 277
2411 3394 2497 3443 ed.
2537 3395 2608 3448 11.
2687 3393 2816 3444 Pari
2860 3393 3020 3443 modo

440 3467 607 3516 etiam
645 3463 832 3517 Μαλοί
868 3464 1029 3517 ἔθνος
1068 3464 1295 3517 Ἰνδικόν
1331 3465 1412 3515 St.
1439 3466 1503 3515 Β.
1537 3467 1655 3525 430,
1692 3468 1723 3516 9
1759 3479 1871 3514 non
1906 3479 2025 3528 cum
2060 3462 2304 3517 Meinek.
2340 3459 2562 3513 Μαλλοί
2600 3464 2801 3512 rectius
2836 3463 3018 3524 scribi,

439 3533 538 3585 sed
572 3531 794 3585 Μάλλοι
832 3534 1047 3598 opinor,
1082 3535 1407 3599 praesertim
1443 3548 1607 3598 quum
1652 3533 1709 3582 in
1746 3533 1811 3584 Il.
1847 3534 1937 3583 Pr.
1974 3528 2032 3582 Π
2066 3533 2192 3594 234,
2238 3546 2396 3595 quem
2441 3529 2618 3581 locum
2664 3530 2852 3580 statim
2899 3546 3017 3595 pro-

438 3633 664 3686 ponam,
718 3619 900 3668 omnia
949 3620 1008 3669 in
1063 3618 1231 3670 αλλος
1277 3619 1498 3685 gravari
1542 3618 1812 3668 tradatur.
1895 3614 2107 3667 Κύλλος
2159 3615 2471 3682 appositum
2518 3621 2605 3667 est
2650 3631 2715 3665 ex
2760 3616 2904 3667 Mon.
2955 3644 3019 3651 —

440 3683 674 3737 Μαλλός
720 3686 942 3752 explevi
988 3703 1055 3736 ex
1092 3689 1172 3737 St.
1208 3690 1296 3751 Β.,
1343 3684 1561 3739 Φελλός
1608 3689 1843 3737 accessit
1886 3701 1956 3735 ex
2004 3685 2082 3735 St.
2121 3684 2183 3737 B.
2221 3712 2285 3718 —-
2323 3681 2686 3748 ςεςημείωται
2730 3699 2903 3749 usquo
2951 3683 3019 3733 ad

438 3754 601 3804 finem
639 3754 955 3820 deprompsi
989 3771 1056 3804 ex
1092 3754 1162 3806 Il.
1198 3757 1286 3806 Pr.
1326 3755 1360 3804 1.
1396 3771 1501 3832 “Q
1516 3756 1612 3805 ubi
1649 3770 1826 3805 canon
1865 3754 1944 3804 sic
1979 3757 2279 3817 conceptus
2317 3758 2428 3816 est,
2475 3757 2537 3801 ιιι
2572 3750 2762 3804 Ἑλλός
2800 3753 2900 3802 sub
2938 3768 3019 3802 re·

441 3839 629 3904 gulam
664 3839 856 3890 cadat:
892 3838 966 3891 τὰ
1003 3838 1081 3892 εἰς
1114 3824 1217 3892 Xo’c
1252 3838 1428 3907 ἑτέρῳ
1465 3840 1497 3890 λ
1534 3837 2006 3904 παραληγόμενα,
2043 3835 2110 3888 οὗ
2146 3836 2215 3904 τό
2253 3838 2288 3887 ἆ
2324 3837 2399 3901 μὴ
2435 3840 2792 3902 προηγεῖται,
2831 3836 3018 3888 ὀξύνε-

439 3921 546 3958 ται.
627 3906 816 3959 κιλλός
863 3905 1012 3959 εἶδος
1056 3906 1380 3973 χρώματος,
1435 3906 1497 3959 ἐν
1544 3904 2044 3972 (τεφανοπώλιςιν
2090 3903 2373 3969 Εὐβούλου
2418 3904 2682 3969 «εὔχρων
2725 3919 2778 3955 τι
2823 3905 3018 3956 κιλλὸν
3056 3899 3068 3911 ‘

442 3974 738 4038 μανθάνεις
783 3974 1150 4041 θερίςτριον».
1238 3973 1478 4040 πολλός,
1537 3974 1775 4040 Κυλλός,
1831 3973 2021 4027 Ἐλλός
2075 3973 2109 4038 ἢ
2157 3972 2364 4027 (ελλός
2410 3971 2593 4038 «ἀμφὶ
2646 3971 2708 4025 δὲ
2761 3970 3018 4034 (ελλοὺ),

441 4043 698 4120 ςκελλός,
746 4044 958 4108 φελλός
994 4044 1064 4095 τὸ
1112 4043 1537 4110 προςηγορικόν.
1605 4042 1675 4094 τὸ
1720 4043 1781 4095 δὲ
1821 4041 2027 4094 Γάλλος
2073 4042 2163 4093 καὶ
2211 4041 2379 4093 ἄλλος
2425 4040 2494 4092 τὸ
2530 4045 2565 4093 <i
2601 4040 2712 4105 ἔχει
2758 4039 2869 4105 πρὸ
2913 4044 3017 4091 τοῦ

441 4130 488 4181 λ.
548 4127 631 4180 ἐτι
666 4128 728 4180 δὲ
764 4128 855 4180 καὶ
892 4127 961 4180 τὸ
997 4128 1168 4181 ἄλλος
1196 4130 1285 4180 καὶ
1320 4127 1399 4182 ὡς
1426 4128 1899 4194 ἑπιμεριῑόμενον.
1947 4128 2360 4178 Herodianeum
2385 4127 2618 4177 colorem
2655 4126 2825 4176 habet
2852 4127 3019 4175 etiam
3099 4162 3106 4180 ,.

440 4214 619 4248 canon
655 4198 713 4247 in
748 4199 850 4263 Ep.
887 4198 983 4248 Cr.
1016 4198 1043 4247 1
1078 4201 1195 4261 338,
1233 4201 1321 4248 22:
1358 4198 1429 4250 τὰ
1464 4194 1545 4249 εἰς
1579 4201 1648 4250 bc*
1686 4195 1938 4261 λήγοντα
1973 4194 2270 4258 διςύλλαβα
2312 4199 2432 4245 τοῖς
2468 4192 2660 4245 αὐτοῖς
2697 4193 3019 4258 ςυμφώνοις

442 4263 863 4331 κεχορηγημένα
900 4264 1341 4331 παραληγόμενα
1376 4269 1461 4332 τῷ
1498 4270 1529 4316 ὃ
1567 4264 1863 4331 βαρύνεται
1909 4260 2035 4314 οἶον
2070 4261 2302 4327 κόττος,
2341 4262 2525 4326 όςςος,
2565 4262 2757 4327 ὄρρος,
2796 4260 3016 4324 κόλλος,

441 4334 474 4385 ό
511 4333 771 4398 ςπόγγος.
839 4332 910 4384 τὸ
945 4335 1138 4386 νοςςός
1184 4333 1245 4386 ἐκ
1281 4336 1385 4385 ‘roo
1422 4334 1661 4387 νεοςςός.
1730 4331 1802 4383 τὸ
1841 4329 2052 4395 κομμός
2100 4329 2232 4382 οὐδὲ
2278 4329 2526 4393 ςύνηθες.
2597 4328 2922 4394 παράλογον
2957 4330 3019 4380 δὲ

439 4418 510 4470 τό
548 4416 762 4470 πολλός
797 4418 928 4470 κατ’
963 4417 1149 4472 ὀξεῖαν
1183 4417 1368 4484 τάςιν,
1407 4418 1494 4469 ὅτι
1528 4419 1600 4471 τὰ
1626 4417 1704 4471 εἰς
1741 4405 1840 4472 λος
1877 4415 2124 4481 λήγοντα
2170 4414 2348 4499 ἑτέρῳ
2386 4416 2416 4466 λ
2443 4414 2883 4498 παραληγόμενα
2908 4428 3018 4479 τρι·

440 4489 580 4551 γενῆ
619 4486 759 4538 ὄντα
798 4486 1119 4565 όξύνονται,
1168 4485 1321 4539 ἰλλός
1350 4484 1543 4571 ξίλλοί
1577 4502 1642 4539 τε
1679 4487 1908 4540 πόδες».
1985 4482 2204 4535 κυλλός.
2275 4482 2463 4534 ουτως
2507 4498 2610 4534 ουν
2654 4484 2745 4535 καὶ
2791 4482 3017 4535 πολλός.

410 4573 533 4623 ‘mi
588 4571 676 4625 ὅτι
724 4575 811 4639 τῷ
865 4574 897 4624 λ
949 4572 1334 4638 παραλ’γεται
1385 4572 1476 4624 καὶ
1530 4572 1617 4624 ὅτι
1661 4572 1927 4638 τριγενές.
2010 4571 2315 4626 ἀντίκειται
2358 4573 2427 4625 τὸ
2473 4573 2671 4640 ἄλλος,
2719 4573 2860 4639 ὅπερ
2907 4573 3020 4637 ἔχει

442 4639 782 4705 ἀπολογίαν,
843 4641 932 4693 ὅτι
989 4645 1112 4693 τῶν
1190 4639 1632 4707 πιμεριζομένων
1681 4640 1814 4693 ἑςτί’
1877 4640 2173 4706 βαρύνεται
2219 4642 2280 4694 δὲ
2321 4645 2527 4708 ταῦτα,
2585 4642 2842 4707 ἕκαςτος,
2904 4641 3020 4693 ἕτε-

443 4723 566 4773 ρος,
616 4708 800 4760 ἄλλος.
871 4711 1112 4762 Priorem
1166 4718 1377 4776 partem
1423 4725 1596 4774 usqne
1645 4711 1714 4760 ad
1771 4710 1985 4762 πολλός
2035 4717 2097 4761 ut
2143 4713 2386 4776 regulam
2436 4712 2844 4763 Herodianoam
2896 4728 3018 4776 pro—

447 4777 558 4827 fert
589 4778 844 4829 Eustath.
890 4781 1048 4842 1746,
1084 4781 1178 4843 27,
1223 4780 1369 4830 unde
1417 4777 1712 4829 concludas
1755 4780 1812 4828 in
1858 4780 2200 4845 Epimerism.
2248 4784 2378 4830 ante
2423 4780 2554 4831 οὐδὲ
2598 4778 2832 4845 ςύνηθες
2875 4781 3021 4830 exci-

448 4844 592 4896 disse
635 4845 705 4896 τὸ
759 4846 999 4909 κροςςός.
1207 4849 1289 4898 Ex
1345 4849 1524 4913 Epim.
1579 4847 1789 4898 inserui
1843 4847 1878 4898 l.
1922 4850 1987 4898 24
2041 4848 2212 4900 verba
2266 4849 2357 4899 καί
2411 4848 2597 4900 πάντα
2649 4847 2722 4900 τὰ
2774 4850 3018 4914 τριγενῆ.

579 4914 613 4965 l.
651 4918 718 4965 25
753 4914 959 4966 θαλλός
995 4917 1175 4981 recepi
1211 4932 1277 4967 ex
1312 4916 1497 4967 Diehr.
1534 4917 1661 4981 295,
1699 4919 1788 4976 22,
1836 4916 2065 4968 ςκελλός
2102 4922 2160 4968 οι
2198 4916 2409 4970 πολλός
2458 4935 2524 4969 ex
2569 4917 2634 4970 11.
2673 4920 2760 4970 Pr.
2798 4917 2832 4968 l.
2869 4934 2915 4968 c.
2962 4924 3019 4968 et
