3664 5546
1491 396 1906 445 PRAEFATIO.
2679 397 2973 445 CXXXVII

403 557 761 643 irrepsisse.
852 552 1178 638 Originali
1222 553 1388 620 libro
1434 553 1683 640 perdito
1729 549 1996 616 difficile
2040 560 2142 616 est
2186 551 2396 635 dictu,
2456 561 2668 616 utrum
2713 552 2797 617 ab
2844 552 2973 638 epi·

403 668 718 724 tomatore
784 658 1043 723 demum
1099 655 1460 721 Herodiani
1517 654 1893 720 testimonia
1950 655 2163 719 recisa
2218 656 2348 719 sint
2403 693 2470 703 -
2532 666 2606 721 ut
2666 678 2822 720 sane
2887 655 2973 720 ab

403 762 830 849 epitomatore
875 784 925 824 s.
973 761 1247 826 Θέεπεια
1291 756 1652 824 Herodiani
1698 778 1932 821 nomen
1990 768 2055 823 et
2098 755 2337 823 librum
2384 760 2625 823 omissa
2679 781 2821 823 esse
2868 757 2973 822 de-

400 872 719 929 monstrat
761 861 1064 927 Eustath.
1123 885 1187 948 p.
1231 861 1385 926 265:
1443 861 1558 926 ubi
1615 861 2007 940 Ἡρωδιανὸς
2062 862 2133 925 δὲ
2189 861 2259 926 ἐν
2314 869 2388 947 τῇ
2440 863 2720 927 καθόλου
2771 898 2838 908 —-
2891 883 2973 926 an

400 968 528 1031 iam
585 964 950 1052 Stephanus
1007 974 1256 1051 partem
1311 973 1484 1027 certe
1539 985 1792 1039 eorum,
1858 973 1933 1027 ut
1999 960 2295 1027 doctrina
2363 962 2577 1028 aliena
2642 974 2973 1051 tamquam

402 1091 518 1133 sua
577 1091 646 1132 50
698 1070 1004 1148 iactaret,
1072 1066 1384 1131 omiserit.
1474 1064 1695 1129 Etiam
1761 1064 1830 1128 in
1893 1066 2175 1151 epitome
2241 1066 2499 1152 saepius
2560 1065 2972 1131 Herodianus

399 1170 780 1237 nominatim
824 1171 1091 1247 citatur,
1140 1167 1395 1254 saepius
1441 1167 1716 1231 technici
1761 1166 1951 1232 titulo
1995 1167 2339 1233 indicatur.
2427 1167 2556 1233 Sed
2599 1191 2795 1256 quum
2839 1170 2975 1233 fere

402 1283 603 1339 totum
655 1267 973 1356 'Stephani
1029 1293 1191 1359 opus
1259 1292 1342 1334 ex
1408 1269 1787 1335 Herodiano
1850 1271 2253 1357 exscriptum
2316 1271 2434 1350 sit,
2501 1271 2773 1337 offendit
2831 1294 2974 1353 nos,

404 1375 574 1463 quod
619 1397 750 1440 non
796 1373 1038 1438 diserte
1096 1372 1338 1438 alicubi
1391 1370 1789 1452 declaratur,
1849 1371 2004 1459 quid
2058 1371 2563 1437 necessitudinis
2608 1372 2972 1461 Stephanus

401 1501 540 1542 cum
598 1474 975 1541 Herodiano
1032 1474 1293 1539 habeat.
1382 1473 1710 1540 Arcadius
1743 1465 1835 1539 'in
1880 1474 2286 1561 praefatione
2348 1476 2591 1540 fatetur
2647 1499 2716 1541 se
2768 1475 2973 1542 Hero-

402 1579 663 1645 dianum
707 1578 772 1641 in
820 1578 1274 1664 compendium
1303 1577 1661 1664 redegisse,
1707 1575 2159 1660 Theognostus
2204 1577 2358 1641 item
2405 1601 2475 1642 se
2505 1601 2691 1643 suam
2736 1579 2973 1645 doctri-

401 1704 550 1746 nam
595 1678 969 1746 Herodiano
1016 1679 1255 1744 debere
1300 1704 1426 1747 non
1471 1689 1687 1764 negat.
1761 1676 2042 1742 Diverse
2087 1679 2172 1743 ab
2216 1678 2315 1743 his
2361 1703 2431 1745 se
2484 1682 2653 1766 gerit
2696 1681 2975 1747 Choero-

399 1784 669 1863 boscus,
717 1782 827 1868 qui
872 1780 1171 1869 plurimis
1217 1782 1478 1868 quidem
1522 1781 1681 1846 locis
1727 1778 2174 1844 Herodianum
2220 1780 2473 1863 laudat,
2533 1782 2648 1847 sed
2692 1782 2860 1848 celat
2904 1806 2974 1848 se

401 1908 540 1949 eum
597 1885 738 1949 fere
793 1894 1001 1949 totum
1056 1883 1404 1971 expilasse.
1493 1882 1837 1966 Quomodo
1894 1884 2099 1969 egerit
2163 1883 2530 1971 Stephanus
2586 1894 2762 1950 certo
2826 1886 2975 1951 sciri

403 2009 524 2051 non
580 1996 828 2074 potest,
887 2009 1116 2072 quum,
1178 1986 1234 2050 si
1289 1985 1446 2073 quid
1503 1986 1645 2073 ipse
1701 1984 1781 2050 de
1826 2008 1935 2068 ea,
1995 2008 2162 2072 quae
2216 1986 2342 2050 sibi
2397 2009 2543 2051 eum
2594 1987 2973 2055 Herodiano

401 2089 864 2170 intercederet,
921 2088 1172 2154 ratione
1217 2088 1487 2170 dixerit,
1545 2088 1611 2152 id
1667 2088 1749 2153 ab
1776 2085 1782 2092 ’
1808 2088 2237 2175 epitomatore
2283 2087 2637 2156 Hermolao
2691 2102 2976 2178 praeter-

403 2193 672 2257 missum
716 2213 861 2256 esse
906 2201 1130 2278 queat3
1180 2192 1296 2256 sed
1338 2191 1582 2256 indicia
1612 2189 1966 2278 quaedam,
2014 2213 2289 2277 quorum
2334 2193 2557 2257 statim
2588 2194 2977 2260 mentionem

403 2295 672 2375 faciam,
731 2316 834 2358 me
878 2304 1143 2358 movent
1188 2294 1270 2358 ad
1315 2292 1710 2358 credendum
1756 2316 1902 2357 eum
1962 2291 2041 2358 de
2096 2294 2417 2359 industria
2460 2295 2823 2361 Herodiani
2867 2320 2977 2362 no·

402 2419 546 2461 men
594 2395 1072 2477 dissimulasse,
1120 2406 1190 2460 ut
1235 2397 1572 2461 doctrinae
1617 2395 1897 2481 speciem
1945 2406 2321 2462 ostentaret.

569 2498 971 2584 Stephanum
1017 2498 1411 2584 Byzantium
1468 2500 1537 2562 in
1580 2497 1877 2564 Ethnicis
1937 2497 2301 2562 scribendis
2358 2498 2423 2562 id
2482 2499 2823 2565 consilium
2868 2500 2976 2565 ha-

403 2600 652 2685 buisse,
695 2612 771 2665 ut
801 2623 918 2686 per
947 2602 1356 2665 occasionem
1385 2622 1600 2665 rerum
1629 2599 2213 2685 geographicarum
2254 2601 2742 2666 tractandarum
2773 2613 2980 2669 artem

404 2703 895 2789 grammaticam
940 2703 1230 2784 doceret,
1289 2704 1458 2767 inter
1503 2702 1676 2769 viros
1734 2702 1960 2767 doctos
2006 2712 2263 2768 constat
2318 2727 2525 2792 neque
2582 2705 2794 2769 minus
2841 2728 2976 2771 cer-

405 2820 537 2872 tum
595 2814 695 2870 est
750 2827 896 2869 eum
952 2806 1021 2869 in
1075 2807 1498 2890 grammatice
1554 2805 1911 2871 Herodiani
1968 2806 2247 2890 vestigia
2313 2808 2630 2893 pressisse
2698 2808 2981 2893 (Ritschl

410 2908 489 2973 de
533 2909 646 2975 Or.
694 2918 760 2972 et
805 2906 1029 2972 Orion.
1062 2932 1125 2995 p.
1155 2906 1234 2972 51
1285 2917 1351 2973 et
1379 2907 1769 2994 Bernhardy
1812 2907 2088 2972 historia
2117 2907 2354 2973 Graec.
2398 2908 2565 2976 liter.
2614 2909 2648 2973 I
2693 2934 2756 2998 p.
2798 2912 2975 2998 563).

406 3011 586 3092 Quae
630 3031 831 3096 quum
885 3011 978 3073 ita
1034 3009 1200 3091 sint,
1259 3010 1401 3074 fieri
1454 3033 1584 3074 non
1643 3010 1886 3097 potuit,
1947 3010 2103 3096 quin
2158 3009 2521 3077 Herodiani
2581 3014 2861 3099 vestigia
2912 3015 2978 3078 in

406 3112 730 3200 Stephano
788 3111 1109 3198 Byzantio
1164 3123 1467 3178 accurate
1523 3114 1985 3200 perquirerem.
2076 3112 2223 3193 Quo
2279 3112 2453 3179 facto
2505 3115 2589 3180 ad
2634 3137 2778 3180 eam
2836 3139 2977 3181 sen-

405 3215 670 3281 tentiam
729 3212 1054 3279 adductus
1111 3237 1284 3296 sum,
1350 3226 1425 3280 ut
1487 3238 1618 3281 non
1684 3215 1895 3280 solum
1953 3217 2411 3300 grammaticas
2465 3216 2979 3301 observationeS,

409 3317 520 3382 sed
576 3318 774 3382 etiam
829 3317 1092 3381 nomina
1147 3316 1582 3404 geographica
1637 3340 1783 3382 cum
1849 3317 2392 3403 originationibus
2461 3329 2525 3384 et
2591 3321 2979 3387 testimoniis

407 3421 792 3506 scriptorum
848 3441 932 3484 ex
978 3418 1350 3483 Herodiano
1408 3417 1794 3507 deprompta
1851 3444 1991 3485 esse
2046 3421 2207 3485 mihi
2252 3443 2633 3507 persuasum
2689 3424 2803 3503 sit,
2861 3424 2980 3489 sci-

407 3521 556 3586 licet
607 3522 902 3608 exceptis
959 3521 1037 3584 iis
1096 3521 1534 3605 grammaticis
1592 3524 1989 3609 praeceptis,
2057 3544 2222 3609 quae
2279 3524 2417 3609 ipse
2474 3520 2840 3610 Stephanus
2897 3525 2980 3590 ad

407 3623 566 3689 alios
620 3633 917 3688 auctores
977 3622 1207 3704 refert,
1270 3623 1351 3686 iis
1410 3624 1781 3689 nominibus
1838 3625 2322 3711 geographieiS,
2379 3647 2545 3710 quae
2599 3628 2979 3712 posterioris

407 3726 661 3790 demum
709 3724 856 3789 aevi
901 3734 1081 3807 sunt,
1129 3747 1478 3812 eorumque
1509 3725 1934 3812 scriptorum,
1982 3727 2091 3813 qui
2137 3736 2286 3814 post
2316 3725 2769 3792 Herodianum
2802 3730 2978 3793 vixe-

407 3840 585 3909 runt,
631 3827 1052 3909 testimoniis,
1101 3826 1378 3915 denique
1423 3830 1717 3915 exceptis
1764 3828 2093 3909 omnibus,
2142 3850 2308 3916 quae
2353 3851 2496 3893 cum
2543 3851 2613 3894 re
2657 3852 2979 3914 gramma—

409 3929 534 3994 tica
586 3927 764 3995 nullo
829 3929 1087 3994 vinculo
1145 3931 1494 3996 cohaerent
1550 3941 1614 3995 et
1668 3932 1926 3995 omnino
1985 3942 2368 4015 argumento
2427 3931 2511 3996 ab
2568 3930 2981 3997 Herodianea

407 4032 701 4096 doctrina
747 4029 959 4094 alieno
1005 4053 1074 4095 se
1119 4042 1193 4096 ut
1235 4033 1522 4097 insiticia
1566 4031 1872 4119 produnt.
1921 4032 2087 4096 Nam
2135 4032 2204 4096 id
2237 4033 2305 4096 in
2335 4034 2712 4097 universum
2757 4042 2976 4098 tenen-

409 4133 561 4198 dum
618 4142 718 4198 est
774 4143 839 4197 et
892 4154 1028 4213 res,
1096 4156 1260 4220 quae
1312 4134 1475 4199 nihil
1540 4158 1686 4200 cum
1742 4134 1998 4198 nomine
2054 4134 2268 4221 aliquo
2330 4135 2655 4200 societatis
2714 4135 2979 4218 habent,

410 4234 522 4300 sed
568 4234 691 4302 loci
736 4234 1057 4321 quasdam
1110 4237 1542 4322 proprietates
1591 4235 1935 4315 definiunt,
1980 4236 2077 4306 [ab
2135 4236 2465 4323 Stephano
2523 4235 2781 4302 additas
2840 4260 2982 4302 esse

410 4347 473 4402 et
539 4339 916 4424 scriptores,
993 4337 1105 4401 ubi
1178 4361 1308 4403 non
1380 4348 1647 4425 propter
1718 4339 2001 4426 speciem
2075 4347 2413 4403 externam
2488 4337 2975 4417 vocabulorum,

409 4450 670 4526 propter
715 4438 1136 4525 scripturam,
1197 4439 1726 4520 declinationem,
1785 4439 2258 4506 derivationem
2305 4441 2615 4520 citantur,
2675 4440 2789 4504 sed
2838 4462 2980 4525 pro-

410 4550 551 4627 pter
596 4564 730 4606 rem
779 4541 884 4607 vel
928 4540 1302 4606 historicam
1348 4540 1455 4607 vel
1498 4542 2002 4628 geographicam
2046 4542 2291 4630 ipsam,
2345 4565 2428 4605 ex
2483 4539 2628 4603 aliis
2690 4540 2981 4607 fontibus

413 4643 640 4708 citatos
697 4665 872 4724 esse,
941 4665 1104 4730 quae
1171 4643 1619 4709 additamenta
1686 4643 1771 4709 ad
1826 4642 2244 4709 Herodianea
2297 4652 2642 4727 praecepta
2709 4665 2784 4707 00
2851 4644 2982 4707 iam

411 4743 786 4831 plerumque
814 4746 1211 4827 indicantur,
1246 4744 1417 4833 quod
1448 4744 1529 4808 iis
1560 4743 1972 4811 cohaerentia
2003 4744 2430 4833 expositionis
2462 4743 2979 4830 interrumpitur.

581 4845 916 4932 Exemplis
963 4846 1349 4933 quibusdam
1394 4845 1704 4932 Stephani
1751 4846 2078 4911 scribendi
2125 4847 2438 4911 rationem
2483 4843 2850 4929 explicabO.
