3664 5546
1209 389 1368 444 ΠΕΡΙ
1407 385 1799 444 *ou->omme
1822 389 2247 445 ΠΡΟΕΩιΔΙΑΕ
2286 391 2344 444 Α.
2999 394 3083 457 23

487 560 671 641 λίμνη
716 560 984 639 πληςίον
1028 564 1145 625 τοῦ
1194 561 1435 626 Καςίου.
1523 562 1598 626 τὸ
1645 563 1717 626 δὲ
1762 561 2105 644 βουβών,
2162 560 2322 641 ὅπερ
2380 563 2548 629 τινές
2601 584 2751 644 φαςι
2802 565 3079 646 βομβών,

485 662 676 740 μέρος
721 663 1009 743 ςώματος
1053 665 1258 743 δηλοῖ.
1321 663 1702 742 Μένανδρος
1732 663 1804 728 ἐν
1836 669 1927 749 τῷ
1960 665 1999 730 Γ
2002 659 2230 746 εωργῷ
2263 661 2494 746 (Mein.
2527 663 2607 729 fr.
2641 663 2824 730 Com.
2842 688 2921 752 p.
2954 665 3079 731 886

489 762 592 827 ed.
639 762 825 848 min.)

1063 868 1329 948 Βουβών
1374 866 1615 947 ἐπήρθη
1661 874 1752 953 τῷ
1795 868 2084 951 γέροντι,
2131 869 2331 948 θέρμα
2373 890 2445 936 τε

1058 969 1367 1050 ἐπέλαβεν
1411 970 1626 1034 αὐτόν.

483 1074 611 1138 ἔςτι
669 1072 772 1138 καὶ
817 1073 1137 1152 Βουβών
1191 1072 1377 1137 πόλις
1422 1072 1665 1137 Λυκίας.
1757 1073 2069 1155 «Βουβών
2125 1074 2248 1153 γὰρ
2305 1074 2407 1139 καὶ
2463 1074 2801 1155 Βάλβουρα
2857 1076 3077 1142 πόλεις

485 1176 743 1260 Λυκίας,
788 1174 919 1240 ἀπὸ
968 1174 1345 1255 Βαλβούρου
1390 1177 1493 1241 καὶ
1537 1177 1906 1256 Βουβῶνος·
1954 1174 2138 1241 οὗτοι
2184 1178 2255 1242 δὲ
2301 1178 2520 1260 λῃςταὶ
2564 1177 2785 1243 πόλεις
2829 1179 3076 1245 ἔκτιςαν

483 1279 927 1359 ὁμωνύμους».

651 1379 745 1446 Τὰ
800 1379 889 1447 εἰς
940 1366 1078 1462 [ἦν
1117 1380 1624 1463 ὑπερδιςύλλαβα
1668 1379 1991 1465 ὀξύνεται,
2036 1380 2375 1461 Ἀλαβών
2420 1382 2608 1448 πόλις
2653 1382 2929 1447 (ικελίας
2974 1385 3077 1448 καὶ

481 1484 771 1563 ποταμὸς
829 1482 919 1548 ώς
972 1483 1339 1564 Δημήτριος
1390 1484 1460 1550 ἑν
1516 1483 1929 1563 ςυνωνύμοις.
2027 1481 2411 1564 ἀῤῥαβών.
2512 1486 2586 1551 τὸ
2643 1486 2715 1550 δὲ
2773 1486 3072 1564 Χαρνα-

416 1629 422 1634 -
485 1590 637 1666 βῶν
682 1588 1074 1664 περιςπᾶται.
1164 1585 1501 1665 (οφοκλῆς
1544 1585 1965 1669 Τριπτολέμῳ

972 1687 1076 1752 καὶ
1123 1689 1620 1771 Χαρναβῶντος,
1666 1688 1738 1752 ὃς
1785 1689 1992 1753 Γετῶν
2038 1686 2217 1767 ἄρχει
2263 1688 2343 1752 τὰ
2387 1692 2521 1753 νῦν.

650 1790 743 1855 Τὰ
790 1789 878 1854 εἰς
921 1793 1060 1867 γῖῡν
1103 1789 1446 1869 οιςύλλαβα
1489 1787 2049 1874 ἀρςενικά,’ὁπότε
2096 1791 2178 1869 μὴ
2232 1792 2629 1871 περιεκτικὴν
2684 1792 2824 1871 ἔχοι
2883 1792 3073 1878 δύνα-

482 1913 586 1973 μιν
630 1893 669 1971 ἢ
716 1891 820 1957 διὰ
872 1896 990 1957 τοῦ
1017 1887 1086 1930 ·0
1142 1891 1423 1955 κλίνοιτο
1480 1892 1637 1955 κατὰ
1688 1893 1805 1971 τὴν
1861 1892 1990 1970 πρὸ
2046 1892 2273 1956 τέλους
2329 1894 2677 1976 ςυλλαβήν,
2735 1894 3074 1975 βαρύνεται

483 1994 630 2060 οἷον
685 1994 1000 2077 πώγων,
1053 1993 1341 2075 Αἴγων,
1392 1992 1702 2076 Μέγων,
1762 1993 2003 2071 Γίγων
2061 1993 2099 2058 ὁ
2155 1993 2478 2058 Αἰθιόπων
2536 1995 2854 2079 βαςιλεύς,
2909 1997 3072 2076 τρί·

481 2117 669 2181 γων,
714 2095 1065 2172 Φλέγων·
1110 2096 1186 2160 τὸ
1233 2095 1305 2159 δὲ
1349 2096 1622 2176 φηγών
1667 2097 1770 2160 καὶ
1814 2095 2025 2173 ἀγών
2071 2095 2417 2164 ὀξύνονται
2442 2096 2533 2162 ὡς
2562 2098 2937 2176 περιεκτικά.
2996 2099 3071 2163 τὸ

481 2199 553 2263 δὲ
599 2197 895 2277 Ὀργών
939 2201 1130 2276 νῆςος
1174 2197 1441 2277 πληςίον
1471 2197 1823 2277 Τυρρηνίας
1872 2199 1963 2263 ώς
2006 2198 2275 2286 τοπικὸν
2320 2197 2627 2266 ὀξύνεται.
2693 2197 2768 2265 τὸ
2815 2201 2887 2265 δὲ
2930 2222 3069 2265 πυ-
3180 2273 3186 2286 ,

480 2301 640 2378 γών
685 2301 790 2366 καὶ
834 2300 1090 2377 λαγών
1146 2300 1249 2364 καὶ
1305 2300 1606 2375 ςταγών
1661 2301 1766 2365 καὶ
1819 2301 2149 2386 τρυγών,
2184 2301 2287 2365 καὶ
2341 2303 2654 2381 γοργών
2711 2301 2815 2366 διὰ
2870 2303 2987 2367 τοῦ
3035 2323 3072 2366 ο

483 2403 773 2468 κλίνεται.

648 2505 743 2570 Τὰ
787 2503 874 2569 εἰς
918 2509 1053 2581 γῖν
1099 2504 1260 2581 ὑπὲρ
1307 2503 1427 2568 δύο
1473 2505 1785 2583 ςυλλαβὰς
1832 2503 2122 2572 ὀξύνεται
2166 2506 2269 2571 καὶ
2314 2505 2669 2587 βαρύνεται,
2733 2507 2834 2571 καὶ
2881 2506 3068 2587 βαρύ-

481 2628 653 2673 νεται
700 2608 814 2686 μὲν
860 2606 977 2671 ὅςα
1019 2605 1327 2686 φυλάττει
1371 2606 1447 2670 τὸ
1496 2610 1549 2669 ὧ
1594 2606 1753 2670 κατὰ
1798 2608 1916 2685 τὴν
1961 2610 2216 2688 γενικὴν
2260 2608 2299 2686 ἢ
2347 2608 2451 2672 διὰ
2494 2612 2611 2673 τοῦ
2655 2611 2731 2673 Vr
2773 2608 3071 2692 κλίνεται,

480 2795 685 2848 θώνιος
732 2800 789 2847 et
832 2812 881 2860 p.
924 2796 1046 2857 111,
1085 2796 1148 2845 19
1197 2792 1524 2858 Ἀργανθών
1565 2792 1931 2859 Ἀργανθώνη
1978 2823 2042 2830 -
2086 2793 2156 2846 τὸ
2204 2795 2473 2861 κτητικὸν
2513 2795 2954 2861 Ἀργανθώνειος
2992 2796 3070 2850 ὡς

483 2864 634 2918 Κιθαι
673 2862 757 2915 ών
797 2860 1185 2927 Κιθαιρώνειος
1222 2862 1506 2928 legantur,
1545 2867 1642 2913 aut
1677 2864 1860 2929 priore
1895 2862 2015 2913 loeo
2061 2864 2331 2928 κτητικὸν
2375 2865 2435 2914 in
2481 2863 2705 2917 ἐθνικὸν
2749 2865 3070 2916 mutandum

480 2939 577 2985 aut
656 2929 831 2996 ιρβών
868 2936 1136 2995 oxytonos
1174 2930 1521 2981 scribendum
1565 2946 1687 2982 esse
1732 2932 2069 2997 suspicatur,
2119 2932 2215 2982 sed
2251 2932 2602 2998 barytonesis
2647 2933 2875 2984 fulcitur
2921 2935 3071 2984 testi-

479 3003 660 3053 monio
686 3000 1057 3052 Choerobosci
1080 3006 1136 3050 et
1160 2998 1522 3064 Theognosti,
1547 2999 1696 3065 apud
1720 3014 1856 3065 quos
1902 3000 2232 3052 vocabulum
2256 3006 2570 3067 corruptum
2595 3017 2716 3052 esee
2753 3002 2912 3052 modo
2939 3002 3067 3066 dixi,

480 3074 535 3121 et
572 3069 869 3121 diversitas
904 3068 1190 3133 utriusque
1228 3067 1510 3133 praecepti
1546 3067 1618 3117 ad
1653 3068 2085 3119 instabilitatem
2108 3068 2498 3121 vocabulorum
2531 3069 2591 3119 in
2627 3072 2707 3122 so—c'
2746 3076 2801 3120 et
2836 3074 2949 3125 ἐιὸξ
2985 3087 3069 3121 re-

479 3138 711 3189 ferenda
746 3137 984 3188 videtur.
1201 3133 1236 3189 l.
1280 3138 1307 3185 1
1353 3133 1422 3185 τὸ
1468 3133 1528 3186 δὲ
1567 3133 1789 3198 βουβών
1827 3152 1896 3186 ex
1930 3136 1995 3190 E.
2032 3137 2106 3187 Μ.
2142 3138 2260 3197 206,
2301 3138 2391 3200 56,
2437 3137 2534 3187 ubi
2576 3144 2702 3201 post
2741 3137 2884 3203 ὅπερ
2918 3137 3068 3191 τινές

479 3220 611 3270 φαςι
649 3204 875 3269 βομβών
922 3203 1113 3254 addita
1150 3207 1300 3253 sunt:
1348 3201 1688 3267 Ἡρωδιανὸς
1735 3200 1796 3255 ἐν
1841 3207 1926 3270 τῷ
1965 3202 2086 3270 (τῇ)
2125 3203 2370 3257 καθόλου
2417 3211 2473 3256 et
2516 3210 2633 3255 tum
2669 3207 2918 3272 sequitur
2952 3223 3071 3260 ver-

480 3289 574 3325 sus
609 3272 926 3335 Menandri,
974 3274 1068 3338 qui
1101 3274 1234 3322 item
1280 3287 1348 3321 ex
1391 3270 1712 3323 Herodiano
1756 3273 2162 3339 dempromptus
2207 3273 2453 3337 videtur,
2501 3278 2556 3324 et
2598 3274 2772 3325 verba
2816 3273 2930 3327 ἔςτι
2976 3274 3068 3327 καὶ

479 3339 712 3405 Βουβών
771 3339 933 3392 πόλις
992 3341 1126 3391 item
1180 3338 1501 3390 Herodiano
1560 3340 1750 3392 deberi
1802 3341 1931 3391 inde
1985 3348 2241 3407 apparet,
2299 3342 2446 3407 quod
2500 3341 2703 3393 similia
2756 3343 2926 3394 habet
2984 3345 3065 3396 St.

477 3412 540 3461 B.
579 3412 700 3471 179,
739 3411 833 3474 22,
872 3409 1028 3459 euius
1072 3409 1244 3459 verba
1279 3409 1558 3473 proposui.
1630 3409 1804 3460 Omisi
1854 3425 1921 3459 ex
1966 3409 2252 3461 vocabulis
2298 3425 2333 3459 a
2380 3410 2460 3464 St.
2496 3411 2559 3461 B.
2605 3410 2802 3461 relatis
2849 3410 3067 3477 Ἀρβών

480 3477 642 3530 πόλις
681 3474 959 3543 Ἰλλυρίας.
1028 3474 1308 3539 Πολύβιος
1345 3474 1582 3543 δευτέρᾳ
1616 3481 1843 3543 propter
1887 3483 2171 3528 accentum
2208 3493 2243 3528 a
2277 3483 2467 3528 nostro
2503 3494 2713 3529 canone
2752 3479 3066 3546 discrepan-

479 3551 606 3597 tem.
811 3547 848 3596 l.
886 3548 919 3596 9
958 3543 1213 3607 Ἀλαβών
1251 3544 1470 3609 explevi
1507 3561 1575 3596 ex
1613 3543 1692 3599 st.
1730 3546 1791 3597 B.
1828 3547 1919 3604 6⁷,
1958 3550 2015 3607 ὃς
2063 3546 2133 3597 ad
2171 3543 2482 3611 Χαρναβῶν
2517 3561 2735 3597 versum
2775 3549 3060 3613 Sophoclis

478 3614 660 3665 addidi
706 3630 774 3664 ex
819 3616 965 3665 Mon.
1004 3615 1060 3674 9,
1099 3616 1181 3663 30.
1253 3613 1580 3663 vocabulum
1616 3611 1892 3678 τερεβών,
1943 3613 2009 3664 de
2056 3630 2163 3680 quo
2201 3615 2446 3681 Theogn.
2483 3617 2576 3675 31,
2615 3617 2647 3665 3
2691 3613 2761 3666 τὸ
2808 3615 3061 3681 τερεβών

478 3682 568 3733 καὶ
604 3680 861 3735 ὀξύνεται
897 3680 989 3733 καὶ
1023 3678 1112 3731 διὰ
1146 3682 1249 3731 τοῦ
1287 3684 1320 3730 ἐ’
1353 3678 1655 3745 γράφεται,
1695 3682 2030 3733 auctoritate
2069 3689 2237 3734 caret.
2374 3683 2409 3733 1.
2435 3685 2499 3734 15
2535 3680 2753 3744 πώγων
2789 3701 2885 3750 pro
2924 3684 3060 3749 πύρ-

476 3765 599 3814 γων
633 3751 894 3803 librorum
929 3749 1200 3815 scriptura
1235 3763 1355 3799 eum
1379 3749 1516 3799 Lo‘b.
1554 3749 1625 3800 ad
1652 3751 1733 3803 Αἰ.
1762 3765 1812 3814 p.
1842 3751 1937 3800 168
1961 3758 2075 3801 not.
2112 3751 2359 3814 exhibui,
2398 3749 2600 3813 πυγών
2625 3752 2771 3815 quod
2796 3753 3060 3808 Schmidt.

477 3819 794 3881 substituit,
831 3816 1081 3880 πυγόνος
1117 3816 1440 3870 declinatur.
1496 3817 1604 3868 Pro
1641 3816 1855 3879 Μέγων
1881 3833 2001 3868 cum
2024 3819 2162 3870 Lob.
2187 3817 2408 3881 Μάγων
2434 3819 2671 3870 scribere
2698 3835 2808 3870 non
2831 3837 3058 3873 necesse

479 3893 583 3949 est,
621 3882 783 3953 quum
829 3885 1041 3948 Μέγων
1087 3886 1144 3934 in
1190 3885 1437 3950 inscript.
1485 3886 1808 3951 reperiatur.
1869 3885 1902 3937 Γ
1906 3883 2047 3948 ίγων
2082 3903 2151 3937 ex
2197 3887 2275 3937 St.
2312 3889 2374 3938 B.
2412 3889 2537 3949 208,
2578 3890 2603 3937 1
2645 3887 2847 3951 adieci,
2889 3905 2956 3939 ex
2994 3906 3058 3940 eo

475 3960 785 4020 corruptum
829 3955 1052 4006 videtur
1095 3952 1288 4015 λύγων
1325 3951 1581 4014 λύγωνος
1627 3969 1716 4018 ap.
1755 3954 2001 4019 Theogn.
2040 3958 2132 4019 31,
2170 3958 2200 4007 7
2248 3960 2305 4006 et
2349 3954 2546 4019 λήγων
2593 3955 2788 4005 Choer.
2833 3959 2923 4018 74,
2963 3960 3056 4019 28;

475 4020 687 4088 τρίγων
713 4040 780 4073 ex
806 4022 997 4073 Choer.
1039 4023 1072 4073 l.
1099 4037 1164 4083 c.,
1201 4019 1440 4082 Φλέγων
1475 4037 1544 4072 ex
1570 4021 1764 4072 Choer.
1799 4027 1857 4072 et
1880 4022 2126 4089 Theogn.
2151 4049 2216 4059 —-
2240 4025 2501 4074 Extrema
2525 4024 2751 4073 canonis
2775 4025 2946 4075 verba
2969 4041 3055 4091 ap.

475 4092 768 4142 Arcadium
803 4092 883 4143 sie
918 4089 1244 4157 procedunt:
1282 4087 1351 4140 τό
1387 4087 1447 4140 δὲ
1484 4088 1719 4153 φλεγών
1762 4089 1853 4141 καὶ
1898 4087 2055 4152 ἀγών
2092 4089 2414 4155 ὀξύνονται,
2463 4107 2604 4156 quae
2641 4092 2719 4141 sic
2753 4093 3053 4153 immutavi,

475 4167 537 4209 ut
572 4176 693 4209 curn
728 4159 865 4210 Lob.
902 4158 975 4208 ad
1010 4158 1095 4208 Ai.
1129 4157 1165 4212 1.
1205 4174 1250 4211 e.
1286 4174 1384 4223 pro
1421 4155 1656 4221 φλεγών
1690 4174 1952 4224 ponerem
1995 4157 2202 4225 φηγών
2247 4167 2305 4210 et
2338 4157 2539 4223 πυγών
2577 4158 2770 4222 λαγών
2807 4159 3047 4223 ςταγών,

475 4226 702 4292 τρυγών
740 4243 806 4277 ex
844 4227 1089 4292 Theogn.
1127 4228 1210 4291 31,
1250 4229 1313 4276 10
1349 4230 1406 4276 et
1438 4227 1521 4288 38,
1564 4226 1624 4276 13
1664 4232 1721 4276 et
1756 4224 1984 4291 γοργών
2022 4244 2088 4278 ex
2124 4228 2320 4278 Aread.
2360 4232 2447 4293 16,
2488 4230 2551 4277 14
2586 4244 2944 4293 apponerem3
2984 4246 3051 4279 ex

475 4296 721 4361 Theogn.
767 4294 954 4345 addidi
998 4294 1166 4346 etiam
1213 4291 1291 4345 ὡς
1329 4291 1664 4358 περιεκτικά.
1720 4292 1942 4358 Ὀργών
1989 4313 2055 4347 ex
2101 4297 2179 4347 St.
2224 4296 2286 4349 B.
2333 4300 2460 4360 494,
2510 4299 2571 4346 19
2619 4296 2809 4345 addidi
2855 4298 3052 4347 canoni

476 4370 675 4429 aptans
711 4363 1007 4415 seeundum
1041 4361 1236 4443 Arcad5
1278 4364 1358 4425 15,
1396 4364 1443 4412 7.
1581 4362 1617 4412 l.
1653 4365 1717 4411 21
1757 4362 1791 4426 ἢ
1830 4379 1949 4412 eum
1986 4363 2295 4431 Schmidtiq
2324 4365 2514 4416 addidi
2550 4382 2617 4415 ex
2643 4366 2710 4419 ΙΙ,
2737 4368 2829 4417 Pr.
2855 4365 2905 4419 Φ
2935 4369 3048 4429 141,

474 4448 634 4563 2321?
656 4431 851 4566 ᾦῖἰῗῗ,
885 4428 1837 4563 ἎιέῡὶἶῗὲίῗὲἔνὲῖἔῗῗἩὲἶὲξώᾞῩ
1860 4429 2515 4553 ἓὸαῖἷᾌὶῗέῧξὸνοὲἔὲὦ
2543 4432 3049 4565 ἓχυὲἓῖῗέᾞὲίᾞὲἰ

477 4566 790 4634 ἐπιζητήςει
825 4582 908 4619 τις
945 4565 1033 4618 διὰ
1067 4565 1122 4619 τί
1157 4564 1262 4630 γὰρ
1297 4564 1332 4628 ἡ
1372 4565 1561 4618 εὐθεῖα
1606 4565 1673 4617 οὐ
1712 4566 2034 4630 βαρύνεται;
2081 4567 2311 4631 ἄμεινον
2347 4569 2450 4621 οὖν
2487 4568 2673 4622 οὕτως
2711 4570 2920 4633 λέγειν,
2970 4569 3047 4623 ώς

477 4635 538 4687 ἐκ
572 4639 676 4701 τῆς
721 4633 951 4688 κλίςεως
987 4633 1255 4687 πολλάκις
1292 4632 1832 4697 καταλαμβανόμεθα
1866 4634 2002 4687 τοὺς
2038 4635 2242 4688 τόνους
2287 4640 2407 4689 τῶν
2444 4637 2695 4689 εὐθειῶν.
2766 4638 2837 4689 τὰ
2872 4637 2933 4691 δὲ
2970 4637 3048 4691 εἰς

474 4709 595 4766 Ῠᾱῖῦ
631 4703 881 4769 λήγοντα
916 4702 1173 4768 ἀρςενικὰ
1209 4701 1351 4767 ὑπὲρ
1397 4701 1498 4755 δύο
1543 4702 1814 4766 ςυλλαβὰς
1860 4703 1993 4755 τότε
2042 4703 2143 4767 μὲν
2187 4704 2335 4757 θέλει
2379 4705 2689 4767 ὀξύνεςθαι,
2737 4705 2916 4758 ὁπότε
2962 4706 3050 4758 διὰ

474 4776 578 4825 τοῦ
616 4777 648 4823 ὃ
684 4770 958 4835 κλίνεται,
993 4770 1129 4823 τότε
1166 4770 1227 4822 δὲ
1264 4762 1609 4835 βαρύνεςθαι,
1648 4769 1826 4823 ὁπότε
1864 4771 1952 4824 bui
1987 4775 2091 4824 τοῦ
2127 4776 2177 4823 ῶ
2212 4772 2248 4837 ἢ
2285 4774 2373 4826 διὰ
2409 4777 2511 4825 τοῦ
2550 4790 2618 4826 ντ
2657 4775 2786 4837 (non
2823 4791 3049 4827 neeesse

479 4848 564 4891 est
600 4858 719 4891 cum
753 4841 919 4892 Mein.
967 4840 1036 4889 ad
1074 4839 1288 4890 Gallim.
1331 4857 1381 4905 p.
1424 4844 1517 4890 121
1557 4844 1658 4891 {iv-[-
1704 4841 1983 4904 scribet-e).
2053 4843 2156 4892 τοῦ
2205 4841 2307 4903 μὲν
2350 4842 2455 4894 οὖν
2499 4842 2778 4908 προτέρου
2813 4842 3050 4909 Παφλα-

477 4908 672 4973 γόνος,
709 4907 1142 4973 Λαιςτρυγόνος,
1181 4907 1519 4972 Πηλαγόνος
1555 4907 1959 4976 «Πηλαγόνων
1985 4909 2271 4976 ἐλατῆρα»
2308 4911 2543 4975 (Gallim.
2569 4914 2750 4979 hymn.
2776 4913 2833 4962 in
2858 4914 2972 4965 Iov.
2998 4914 3051 4975 3)

3106 983 3140 1034 5

3118 1491 3180 1543 10

3114 2001 3285 2064 15⁸

3107 2510 3175 2561 20
