3664 5546
650 416 733 480 88
1582 415 1664 470 ΕΚ
1702 415 1843 470 ΤΩΝ
1885 415 2293 470 ΗΡΩΔΙΑΝΟΥ

648 588 1008 668 Λυκόφρων
1073 589 1160 671 (v,
1220 586 1412 670 1021)
1479 589 1746 667 «Κρᾶθις
1809 588 1881 653 δὲ
1947 586 2174 663 γείτων
2239 587 2353 666 ἠδὲ
2420 588 2742 654 Μυλὰκων
2785 580 3024 668 ’ὄρος».
3133 591 3236 654 καὶ

650 689 922 770 Ὠφθις
968 692 1154 755 πόλις
1200 691 1432 770 Λιβύης
1475 686 1770 774 Αἰγύπτῳ
1816 691 2231 770 περικειμένη.

819 792 912 857 Τὰ
967 792 1054 857 εἰς
1104 781 1208 859 θῖ
1251 794 1757 874 ὑπερδιςύλλαβα
1815 792 2105 861 ὀξύνεται
2162 795 2242 873 μὴ
2301 793 2460 859 ὄντα
2505 794 2789 875 ὀνόματα
2832 794 3092 860 πόλεων
3135 795 3233 859 Αἰ-

648 897 965 979 γυπτίων,
1022 895 1385 977 ἀκανθίς,
1443 896 1949 979 κολοκυνθίς,
2007 895 2299 972 ἀγαθίς.
2399 896 2713 976 Ἠμαθίς
2780 897 2959 976 χώρα
3012 897 3052 975 ἡ
3117 901 3235 963 νῦν

589 1004 622 1054 5
655 998 1038 1063 Μακεδονία.
1094 997 1553 1062 Ἀςπαλαθίς
1599 1000 1790 1075 νῆςος
1835 998 2075 1063 Λυκίας.
2138 1000 2387 1075 λέγεται
2434 999 2606 1064 οὕτω
2653 1000 2757 1064 διὰ
2801 1000 2915 1064 τὰς
2961 1000 3032 1064 ἐν
3078 1000 3236 1084 αὐτῇ

649 1100 1003 1180 πεφυκυίας
1047 1100 1471 1165 ἀςπαλάθους.
1531 1101 1897 1179 Ἀψυνθίς
1940 1102 2135 1180 χώρα.
2184 1101 2666 1184 Ἐρυμανθίς,
2712 1101 3069 1183 Οἰανθίς,
3113 1102 3234 1166 Τι-

652 1203 952 1282 ρυνθίς,
997 1202 1433 1283 Παρνηθίς,
1477 1201 1951 1280 Πεπαρηθίς.
2040 1204 2115 1268 τό
2161 1205 2233 1285 δὲ
2278 1203 2649 1282 Ταμίαθις
2694 1204 2797 1268 καὶ
2841 1204 3237 1269 Μένουθις

650 1306 826 1382 κώμη
882 1305 1044 1382 πρὸς
1089 1311 1181 1386 τῷ
1240 1304 1520 1388 Κανώβῳ
1576 1305 1678 1369 καὶ
1731 1304 2239 1387 Τερένουθις,
2298 1306 2768 1387 Θέρμουθις,
2832 1306 3237 1386 ’Ἑλβονθις

651 1406 837 1470 πόλις
883 1407 1109 1485 μεταξὺ
1153 1406 1474 1482 Αἰγύπτου
1518 1406 1621 1470 καὶ
1669 1407 1983 1490 Κυρήνης,
2028 1406 2491 1489 Φενέβηθις,
2538 1408 2972 1486 Ἕρμωνθις
3017 1409 3237 1474 πόλεις

551 1520 617 1570 10
650 1506 973 1583 Αἰγύπτου
1022 1508 1424 1588 βαρύνονται.

820 1611 913 1675 Τὰ
958 1611 1046 1675 εἰς
1092 1615 1190 1675 ft?
1235 1611 1577 1691 διςύλλαβα
1622 1610 1944 1693 ὀξύνεται,
1990 1611 2243 1677 Φωκίς
2287 1613 2467 1691 χώρα
2512 1615 2656 1692 περὶ
2710 1614 2827 1678 τὸν
2871 1614 3235 1692 Παρναςόν.

651 1712 973 1778 Ἑκαταῖος
1017 1713 1305 1795 Εὐρώπῃ.
1392 1711 1524 1778 ἀπὸ
1568 1713 1802 1779 Φώκου
1846 1714 2037 1779 τινός.
2126 1715 2416 1796 κερκίς,
2460 1717 2749 1794 χαλκίς.
2806 1714 2932 1781 ἔςτι
2977 1717 3078 1780 καὶ
3121 1715 3237 1780 πό-

654 1817 748 1899 λις
792 1815 1072 1895 Εὐβοίας.
1106 1814 1426 1879 Ἑκαταῖος
1472 1815 1743 1896 Εὐρώπῃ
1790 1816 2067 1881 «Χαλκὶς
2111 1817 2297 1881 πόλις
2345 1816 2528 1900 ἐςτίν,
2573 1818 2611 1896 ἣ
2656 1817 2977 1896 πρότερον
3010 1817 3240 1897 Εὔβοια

652 1916 1168 1995 προςηγορεύετο
1186 1942 1230 1980 ».
1333 1917 1563 1996 ἐκλήθη
1631 1919 1701 1982 δὲ
1764 1916 1896 1983 ἀπὸ
1968 1917 2212 1998 Κόμβης
2275 1922 2388 1997 τῆς
2445 1919 2756 1984 Χαλκίδος
2821 1921 3238 2000 καλουμένης,

554 2030 615 2082 15
652 2020 967 2096 θυγατρὸς
1013 2019 1318 2083 Ἀςωποῦ.
1402 2019 1867 2099 Ἐπαφρόδιτος
1911 2021 1982 2084 δὲ
2028 2024 2329 2099 μαρτυρεῖ
2372 2021 2501 2086 ἐκεῖ
2543 2023 2784 2100 χαλκὸν
2829 2026 3091 2101 πρῶτον
3137 2022 3239 2086 εὑ-

655 2123 912 2198 ρεθῆναι
970 2122 1114 2185 «καὶ
1155 2124 1403 2199 πρῶτοι
1449 2122 1689 2200 χαλκὸν
1736 2121 1866 2186 ἐκεῖ
1896 2120 2278 2188 ἐνεδύςαντο
2327 2124 2389 2188 οἱ
2423 2124 2738 2222 Κούρρητες
2784 2124 2845 2189 οἱ
2890 2124 3044 2204 μετὰ
3078 2124 3242 2189 Διὸς

655 2221 983 2304 ἐλθόντες,
1041 2224 1156 2287 οὓς
1200 2223 1492 2310 φύλακας
1548 2227 1660 2301 τῆς
1704 2223 1903 2302 νήςου
1958 2224 2060 2288 καὶ
2102 2229 2219 2290 τοῦ
2263 2225 2441 2304 ἱεροῦ
2496 2229 2608 2303 τῆς
2654 2226 2832 2291 Ῥέας
2877 2227 3242 2291 κατέλιπεν·

655 2323 780 2403 ἀφ’
826 2322 905 2388 οὗ
952 2324 1012 2388 οἱ
1057 2325 1389 2389 Χαλκιδεῖς
1433 2324 1947 2405 ώνομάςθηςαν».
2038 2327 2340 2406 μέμνηται
2384 2328 2452 2391 δ’
2496 2328 2693 2406 αὐτῆς
2747 2331 2854 2393 καὶ
2894 2328 2931 2392 δ
2976 2329 3241 2406 ποιητής

657 2426 966 2490 «Χαλκίδα
1004 2427 1069 2490 τ’
1102 2426 1423 2505 Εἰρέτριάν
1468 2448 1536 2492 τε
1582 2428 2084 2508 πολυςτάφυλόν
2128 2429 2196 2492 θ’
2238 2429 2519 2494 Ἱςτίαιαν
2534 2430 2572 2485 »’
2608 2426 2710 2512 (11.
2746 2432 2791 2494 Β
2821 2428 2991 2513 537).
3038 2431 3140 2494 καὶ
3168 2431 3244 2494 τὸ

552 2543 620 2593 20
655 2529 931 2607 θηλυκὸν
986 2532 1102 2592 τοῦ
1159 2528 1411 2595 ἐθνικοί)
1474 2530 1819 2610 ὁμώνυμον
1877 2537 1953 2614 τῇ
1998 2531 2183 2595 πόλει
2232 2531 2321 2596 ώς
2365 2531 2605 2614 Φωκίς,
2662 2532 2922 2615 Λοκρίς,
2979 2532 3019 2609 ἡ
3064 2533 3246 2611 χώρα

653 2632 756 2695 καὶ
797 2629 835 2708 ἡ
882 2631 1059 2708 γυνή.
1149 2630 1511 2697 Ἑλλάνικος
1568 2632 1817 2710 ἱερειῶν
1863 2633 2065 2710 Ἥρας
2122 2634 2403 2717 δευτέρῳ
2463 2633 2837 2713 «Ἡρακλέης
2892 2634 2962 2699 ἐκ
3020 2633 3244 2699 Χαλκί-

655 2737 769 2798 δος
825 2734 980 2813 μετὰ
1037 2733 1401 2799 Χαλκιδέων
1457 2735 1559 2799 καὶ
1605 2734 1851 2802 Ναξίων
1909 2734 1979 2800 ἐν
2041 2734 2281 2820 (ικελίῃ
2337 2735 2561 2801 πόλεις
2618 2734 2815 2801 ἔκτιςε
2832 2761 2876 2801 ».
2969 2736 3094 2801 ἔςτι
3144 2737 3247 2800 καὶ

658 2834 885 2900 Χαλκίς
938 2836 1125 2900 πόλις
1174 2837 1515 2919 Κορίνθου,
1571 2836 1906 2919 Αἰτωλίας,
1963 2835 2089 2916 ἀφ’
2142 2835 2217 2914 ἦς
2265 2837 2578 2922 Ἀχελῷος
2626 2839 2754 2920 ῥεῖ,
2800 2840 2902 2903 καὶ
2956 2840 3141 2903 πόλις
3175 2838 3248 2902 ἐν

658 2936 847 3021 Ευρίᾳ
903 2941 1209 3003 κτιςθεῖςα
1269 2939 1397 3004 ὑπὸ
1456 2939 1744 3004 Μονικοῦ
1798 2942 1916 3003 τοῦ
1960 2939 2270 3022 Ἄραβος,
2336 2941 2438 3004 καὶ
2503 2940 2573 3004 ἐν
2632 2941 2883 3024 (κυθίᾳ·
2953 2939 3078 3005 ἔςτι
3146 2940 3248 3005 καὶ

556 3055 622 3104 25
657 3042 847 3122 νῆςος
895 3040 1128 3119 ἔχουςα
1173 3041 1364 3106 πόλιν
1409 3040 1755 3119 ὁμώνυμον
1799 3040 1965 3118 πρὸς
2010 3047 2085 3124 τῇ
2131 3040 2364 3125 Λέςβῳ.
2433 3042 2559 3106 ἔςτι
2605 3043 2707 3107 καὶ
2751 3043 2820 3108 ἐν
2865 3044 3038 3127 Ἄθῳ
3084 3042 3246 3121 ἄλλη

662 3142 919 3224 Χαλκίς,
979 3143 1067 3206 ώς
1126 3142 1401 3210 Εὔδοξος
1455 3143 1738 3227 τετάρτῳ
1797 3142 1993 3221 «μετὰ
2050 3143 2121 3207 δέ
2177 3144 2291 3207 τὸν
2336 3145 2507 3208 ”Αθω
2552 3145 2731 3224 μέχρι
2774 3145 3150 3225 Παλλήνης,
3207 3145 3248 3222 ἣ

662 3243 766 3308 ἐπὶ
809 3244 1042 3322 θάτερα
1085 3245 1391 3323 πεποίηκε
1436 3244 1681 3310 κόλπον
1741 3245 1939 3325 βαθὺν
1997 3245 2099 3308 καὶ
2153 3245 2401 3310 πλατὺν
2449 3247 2726 3311 Χαλκίδα
2776 3247 3249 3327 ἐπονομαζόμε-

661 3367 780 3410 νον
797 3369 840 3409 ».
931 3344 1056 3410 ἔςτι
1105 3347 1174 3410 δὲ
1220 3348 1327 3411 καὶ
1371 3347 1599 3412 Χαλκίς
1644 3346 1967 3427 ποταμός,
2026 3345 2149 3426 ἀφ’
2194 3345 2273 3410 οὗ
2330 3347 2367 3424 ἡ
2417 3347 2709 3414 Χαλκῖτις
2763 3353 2956 3427 νῆςος
3001 3350 3248 3426 ἐκλήθη.

663 3447 979 3529 φαρκίς,
1025 3448 1248 3525 κηκίς.
1342 3449 1685 3530 Γραικίς,
1733 3448 1985 3530 Εακίς,
2031 3447 2249 3514 Ευκίς
2293 3449 2480 3514 πόλις
2525 3448 2656 3515 ἀπὸ
2710 3455 2842 3516 τῶν
2889 3455 3095 3515 ςυκῶν
3139 3470 3249 3514 κα-

561 3560 630 3613 30
667 3549 960 3629 λουμένη.
1051 3550 1113 3615 οἱ
1165 3550 1354 3616 τόποι
1410 3553 1532 3629 γὰρ
1591 3550 1723 3617 ἀπὸ
1778 3556 1928 3630 τῶν,
1965 3550 2036 3614 ἐν
2092 3550 2314 3616 αὐτοῖς
2358 3550 2569 3617 ὄντων
2615 3551 3072 3634 ὀνομάζονται,
3136 3552 3250 3615 Κυ-

663 3651 993 3734 πάριςςος,
1040 3652 1278 3734 Ἐλαία,
1335 3654 1437 3717 καὶ
1489 3653 1672 3737 τύπῳ
1727 3658 2097 3736 περιεκτικῷ
2155 3653 2395 3718 (ικυών
2458 3653 2786 3731 Μαραθών
2842 3656 2943 3718 καὶ
3002 3654 3090 3720 είς
3132 3657 3252 3720 ὃῑῑξ

664 3754 1012 3835 Δαφνοῦς,
1073 3755 1418 3835 Κεραςοῦς,
1471 3754 1757 3836 Φηγοῦς,
1825 3756 2223 3836 Μυρρινδῦς,
2292 3755 2660 3838 Ἀχερδοῦς,
2717 3755 3014 3838 Ἁγνοῦς,
3081 3758 3250 3823 (ελι-

666 3860 835 3920 νοῦς.
926 3856 1119 3920 οὐδἐν
1179 3859 1249 3920 δὲ
1304 3861 1436 3921 τῶν
1490 3857 1805 3921 τοιούτων
1863 3856 1950 3921 εἰς
1998 3856 2052 3919 ι“ς’
2097 3857 2306 3939 λήγει,
2355 3856 2562 3938 (υκίς,
2609 3856 2761 3921 ἀλλ’
2802 3857 2999 3936 ἐχρῆν
3052 3861 3090 3938 ἢ
3138 3859 3250 3924 (υ-

666 3961 777 4022 κᾶς
823 3957 911 4022 ως
956 3958 1059 4022 καὶ
1104 3958 1427 4038 λέγονται,
1485 3959 1522 4036 ἢ
1572 3958 1802 4040 (υκῆν,
1850 3958 1938 4022 ώς
1986 3958 2282 4038 (τράβων
2329 3957 2529 4037 αὐτὴν
2585 3959 2787 4041 λέγει,
2842 3962 2880 4040 ἢ
2929 3960 3254 4026 (υκοῦντα

563 4071 628 4123 35
663 4061 702 4139 ἢ
750 4059 1010 4124 Ευκῶνα
1056 4060 1358 4135 λέγεςθαι.
1424 4061 1499 4125 τὸ
1547 4062 1617 4125 δὲ
1667 4060 1867 4125 Κίκις
1914 4061 2266 4140 βαρύνεται.
2325 4058 2415 4124 ἔτι
2461 4063 2562 4125 καὶ
2604 4061 2685 4125 τὰ
2723 4062 3252 4144 ὑπερδιςύλλαβα,

666 4146 1090 4242 παλλακίς,
1164 4162 1511 4245 πινακίς,
1594 4162 1999 4241 φαρμακίς.
2115 4163 2584 4240 Ὑποχαλκίς
2669 4164 2857 4228 πόλις
2931 4164 3252 4230 Αἰτωλίας.

804 4385 838 4439 1.
881 4389 904 4434 1
948 4384 1116 4434 verba
1141 4384 1516 4451 Lycophronis
1543 4400 1608 4434 ex
1634 4386 1714 4434 St.
1742 4386 1802 4438 B.
1838 4383 2029 4434 addidi
2069 4385 2200 4435 item
2237 4389 2402 4449 atque
2435 4382 2654 4448 Ὠφθις.
2793 4386 2829 4436 l.
2865 4387 2898 4435 4
2933 4383 3258 4448 ἀγαθίς·ιιᾶ-

668 4454 782 4504 didi
828 4469 895 4503 ex
942 4452 1122 4503 Dichr.
1160 4454 1285 4512 299,
1329 4455 1415 4514 163
1474 4451 1702 4516 Ἠμαθίς
1749 4481 1813 4488 ——
1860 4450 2190 4517 Πεπαρηθίς
2237 4469 2302 4502 ex
2351 4454 2432 4506 St.
2479 4454 2567 4514 Β.,
2624 4470 2690 4504 ex
2738 4454 2930 4504 eodem
2974 4453 3256 4506 Μένουθις

669 4522 884 4588 explevi
921 4525 978 4571 et
1015 4520 1233 4570 nomina
1270 4519 1575 4585 Θέρμουθις
1612 4537 1782 4588 usque
1821 4522 1891 4571 ad
1929 4521 2088 4570 finem
2124 4523 2374 4586 apposui.
2531 4521 2567 4571 l.
2608 4526 2667 4570 11
2708 4521 2897 4574 Φωκίς
2935 4540 3000 4573 ex
3040 4522 3152 4572 levi
3188 4540 3256 4573 ex

670 4593 749 4644 St.
787 4594 870 4652 Β.,
909 4590 1118 4654 pariter
1156 4587 1188 4637 1.
1229 4591 1289 4638 12
1326 4587 1531 4652 χαλκίς.
1736 4590 1771 4638 l.
1808 4592 1874 4641 29
1920 4587 2123 4653 φαρκίε
2160 4587 2316 4652 κηκίς
2354 4606 2421 4639 ex
2457 4590 2646 4640 Dichr.
2682 4593 2809 4653 299,
2851 4594 2939 4653 11;
3029 4588 3149 4641 ακίς
3197 4599 3258 4641 et

670 4654 831 4711 (υκίε
870 4675 935 4709 ex
975 4656 1053 4710 St.
1092 4657 1154 4706 B.
1193 4659 1318 4718 550,
1357 4661 1387 4706 6
1434 4662 1489 4708 et
1526 4661 1648 4720 590,
1689 4659 1749 4707 14
1788 4657 1858 4707 ad
1895 4673 2056 4722 quem
2101 4656 2274 4708 locum
2309 4658 2478 4707 Mein.
2527 4673 2793 4709 canonem
2839 4675 2948 4709 non
2992 4660 3062 4708 ab
3109 4660 3257 4708 omni

671 4733 827 4792 parte
865 4742 1051 4776 verum
1089 4741 1211 4776 esse
1249 4728 1463 4776 nomine
1504 4723 1701 4778 Ἐλαιῖς
1740 4726 2132 4786 demonstrat„
2277 4726 2311 4775 1.
2350 4729 2416 4775 35
2456 4723 2600 4777 Κίκις
2637 4743 2732 4791 pro
2770 4725 2920 4790 φίκις
2957 4728 3149 4791 scripsi
3188 4743 3256 4776 ex

673 4794 969 4846 Herodian.
1006 4795 1064 4843 in
1100 4794 1199 4843 An.
1240 4795 1337 4843 Ox.
1377 4787 1454 4843 IV
1489 4797 1586 4844 337
1625 4795 1697 4844 cf.
1734 4795 1837 4844 An.
1877 4794 2054 4843 Paris.
2092 4794 2170 4843 IV
2210 4795 2332 4852 185,
2370 4797 2400 4843 3
2441 4790 2585 4845 Κίκις
2624 4793 2656 4844 ὁ
2692 4793 2940 4858 ἀδελφὸς
2981 4791 3256 4847 Ἀλκαίου.

806 4860 1249 4926 ὑπερδιςύλλαβα
1295 4877 1390 4926 pro
1432 4861 1767 4926 τριςύλλαβα
1812 4863 1970 4927 posui
2005 4866 2225 4926 propter
2262 4860 2625 4925 Ὑποχαλκίς,
2665 4863 2807 4928 quod
2844 4864 3052 4928 pariter
3086 4870 3257 4929 atque

674 4929 885 4994 reliqua
922 4946 1093 4996 usque
1131 4931 1205 4980 ad
1240 4930 1401 4980 finem
1437 4946 1503 4981 ex
1542 4931 1621 4981 st.
1660 4934 1721 4982 B.
1760 4931 1994 4997 petitum
2031 4934 2132 4980 est.
