<?xml version="1.0" encoding="UTF-8"?>
<!DOCTYPE html PUBLIC "-//W3C//DTD XHTML 1.0 Transitional//EN"
    "http://www.w3.org/TR/xhtml1/DTD/xhtml1-transitional.dtd">
<html xmlns="http://www.w3.org/1999/xhtml" xml:lang="en" lang="en">
 <head>
  <title>
</title>
<meta http-equiv="Content-Type" content="text/html;charset=utf-8" />
  <meta name='ocr-system' content='tesseract 3.04.00' />
  <meta name='ocr-capabilities' content='ocr_page ocr_carea ocr_par ocr_line ocrx_word'/>
</head>
<body>
  <div class='ocr_page' id='page_1' title='image "./grammaticigraec02unkngoog_0576.png"; bbox 0 0 3664 5546; ppageno 0'>
   <div class='ocr_carea' id='block_1_1' title="bbox 645 305 2286 375">
    <p class='ocr_par' dir='ltr' id='par_1_1' title="bbox 645 305 2286 375">
     <span class='ocr_line' id='line_1_1' title="bbox 645 305 2286 375; baseline -0.009 -1"><span class='ocrx_word' id='word_1_1' title='bbox 645 311 772 375; x_wconf 83' lang='lat'>330</span> <span class='ocrx_word' id='word_1_2' title='bbox 1578 307 1659 364; x_wconf 87' lang='grc' dir='ltr'>ΕΚ</span> <span class='ocrx_word' id='word_1_3' title='bbox 1697 307 1837 362; x_wconf 85' lang='grc' dir='ltr'>ΤΩΝ</span> <span class='ocrx_word' id='word_1_4' title='bbox 1880 305 2286 361; x_wconf 83' lang='grc' dir='ltr'>ΗΡΩΔΙΑΝΟΥ</span> 
     </span>
    </p>
   </div>
   <div class='ocr_carea' id='block_1_2' title="bbox 542 478 3308 4020">
    <p class='ocr_par' dir='ltr' id='par_1_2' title="bbox 548 478 3240 1578">
     <span class='ocr_line' id='line_1_2' title="bbox 645 478 3238 559; baseline -0.002 -12"><span class='ocrx_word' id='word_1_5' title='bbox 645 484 930 548; x_wconf 88' lang='grc' dir='ltr'>ςθένειαν</span> <span class='ocrx_word' id='word_1_6' title='bbox 978 481 1290 545; x_wconf 88' lang='grc' dir='ltr'>Νικόλαός</span> <span class='ocrx_word' id='word_1_7' title='bbox 1334 501 1540 559; x_wconf 89' lang='grc' dir='ltr'>φηςιν.</span> <span class='ocrx_word' id='word_1_8' title='bbox 1628 480 1702 543; x_wconf 92' lang='grc' dir='ltr'>τὸ</span> <span class='ocrx_word' id='word_1_9' title='bbox 1749 480 1820 543; x_wconf 81' lang='grc' dir='ltr'>δὲ</span> <span class='ocrx_word' id='word_1_10' title='bbox 1868 479 2350 557; x_wconf 80' lang='grc' dir='ltr'>Κλαζομεναί</span> <span class='ocrx_word' id='word_1_11' title='bbox 2396 478 2581 542; x_wconf 89' lang='grc' dir='ltr'>πόλις</span> <span class='ocrx_word' id='word_1_12' title='bbox 2646 478 2935 544; x_wconf 78' lang='grc' dir='ltr'>ὀξύνεται</span> <span class='ocrx_word' id='word_1_13' title='bbox 2998 482 3087 543; x_wconf 84' lang='grc' dir='ltr'>ὡς</span> <span class='ocrx_word' id='word_1_14' title='bbox 3132 482 3238 543; x_wconf 82' lang='grc' dir='ltr'>καὶ</span> 
     </span>
     <span class='ocr_line' id='line_1_3' title="bbox 644 582 3235 663; baseline 0 -14"><span class='ocrx_word' id='word_1_15' title='bbox 644 583 1143 663; x_wconf 85' lang='grc' dir='ltr'>Ἀκεςαμεναί</span> <span class='ocrx_word' id='word_1_16' title='bbox 1210 582 1395 646; x_wconf 99' lang='grc' dir='ltr'>πόλις</span> <span class='ocrx_word' id='word_1_17' title='bbox 1465 582 1899 663; x_wconf 73' lang='grc' dir='ltr'>Μακεδονίας,</span> <span class='ocrx_word' id='word_1_18' title='bbox 1970 583 2186 660; x_wconf 90' lang='grc' dir='ltr'>κτίςμα</span> <span class='ocrx_word' id='word_1_19' title='bbox 2251 582 2666 660; x_wconf 86' lang='grc' dir='ltr'>Ἀκεςαμενοῦ</span> <span class='ocrx_word' id='word_1_20' title='bbox 2740 583 2887 647; x_wconf 86' lang='grc' dir='ltr'>ἑνὸς</span> <span class='ocrx_word' id='word_1_21' title='bbox 2957 588 3086 647; x_wconf 80' lang='grc' dir='ltr'>τῶν</span> <span class='ocrx_word' id='word_1_22' title='bbox 3159 583 3235 649; x_wconf 79' lang='grc' dir='ltr'>ἐν</span> 
     </span>
     <span class='ocr_line' id='line_1_4' title="bbox 643 684 3235 769; baseline -0.001 -18"><span class='ocrx_word' id='word_1_23' title='bbox 643 686 869 769; x_wconf 88' lang='grc' dir='ltr'>Πιερίᾳ</span> <span class='ocrx_word' id='word_1_24' title='bbox 916 685 1452 766; x_wconf 89' lang='grc' dir='ltr'>βαςιλευςάντων,</span> <span class='ocrx_word' id='word_1_25' title='bbox 1499 684 2060 763; x_wconf 73' lang='grc' dir='ltr'>Ἀλαλκομεναὶ</span> <span class='ocrx_word' id='word_1_26' title='bbox 2106 685 2292 748; x_wconf 91' lang='grc' dir='ltr'>πόλις</span> <span class='ocrx_word' id='word_1_27' title='bbox 2339 684 2673 767; x_wconf 90' lang='grc' dir='ltr'>Βοιωτίας,</span> <span class='ocrx_word' id='word_1_28' title='bbox 2719 686 2756 762; x_wconf 83' lang='grc' dir='ltr'>ἢ</span> <span class='ocrx_word' id='word_1_29' title='bbox 2801 686 2902 749; x_wconf 85' lang='grc' dir='ltr'>καὶ</span> <span class='ocrx_word' id='word_1_30' title='bbox 2934 686 3235 749; x_wconf 78' lang='grc' dir='ltr'>Ἀλαλκο-</span> 
     </span>
     <span class='ocr_line' id='line_1_5' title="bbox 644 785 3237 870; baseline 0 -17"><span class='ocrx_word' id='word_1_31' title='bbox 644 789 895 870; x_wconf 87' lang='grc' dir='ltr'>μένιον,</span> <span class='ocrx_word' id='word_1_32' title='bbox 942 788 1044 851; x_wconf 84' lang='grc' dir='ltr'>καὶ</span> <span class='ocrx_word' id='word_1_33' title='bbox 1087 787 1274 851; x_wconf 88' lang='grc' dir='ltr'>πόλις</span> <span class='ocrx_word' id='word_1_34' title='bbox 1318 787 1388 850; x_wconf 82' lang='grc' dir='ltr'>ἐν</span> <span class='ocrx_word' id='word_1_35' title='bbox 1434 786 1633 870; x_wconf 85' lang='grc' dir='ltr'>Ἰθάκῃ</span> <span class='ocrx_word' id='word_1_36' title='bbox 1678 793 1753 869; x_wconf 86' lang='grc' dir='ltr'>τῇ</span> <span class='ocrx_word' id='word_1_37' title='bbox 1798 786 1972 869; x_wconf 89' lang='grc' dir='ltr'>νήςῳ</span> <span class='ocrx_word' id='word_1_38' title='bbox 2017 787 2120 849; x_wconf 86' lang='grc' dir='ltr'>καὶ</span> <span class='ocrx_word' id='word_1_39' title='bbox 2150 785 2451 863; x_wconf 87' lang='grc' dir='ltr'>Ἰλλυρίας</span> <span class='ocrx_word' id='word_1_40' title='bbox 2489 786 2591 849; x_wconf 87' lang='grc' dir='ltr'>καὶ</span> <span class='ocrx_word' id='word_1_41' title='bbox 2623 786 3003 865; x_wconf 86' lang='grc' dir='ltr'>Ἰδομεναί</span> <span class='ocrx_word' id='word_1_42' title='bbox 3047 788 3237 854; x_wconf 89' lang='grc' dir='ltr'>πόλις</span> 
     </span>
     <span class='ocr_line' id='line_1_6' title="bbox 570 887 3238 972; baseline 0.001 -22"><span class='ocrx_word' id='word_1_43' title='bbox 570 902 601 950; x_wconf 83' lang='lat'>5</span> <span class='ocrx_word' id='word_1_44' title='bbox 650 890 1052 955; x_wconf 79' lang='grc' dir='ltr'>Μακεδονίας</span> <span class='ocrx_word' id='word_1_45' title='bbox 1107 890 1210 952; x_wconf 87' lang='grc' dir='ltr'>καὶ</span> <span class='ocrx_word' id='word_1_46' title='bbox 1253 887 1694 966; x_wconf 88' lang='grc' dir='ltr'>Εύρυμεναί</span> <span class='ocrx_word' id='word_1_47' title='bbox 1748 889 1936 952; x_wconf 91' lang='grc' dir='ltr'>πόλις</span> <span class='ocrx_word' id='word_1_48' title='bbox 1993 888 2346 952; x_wconf 86' lang='grc' dir='ltr'>Θεςςαλίας.</span> <span class='ocrx_word' id='word_1_49' title='bbox 2435 888 2757 952; x_wconf 85' lang='grc' dir='ltr'>Ἑκαταῖος</span> <span class='ocrx_word' id='word_1_50' title='bbox 2803 887 3074 972; x_wconf 85' lang='grc' dir='ltr'>Εὐρώπῃ</span> <span class='ocrx_word' id='word_1_51' title='bbox 3130 891 3238 954; x_wconf 85' lang='grc' dir='ltr'>καὶ</span> 
     </span>
     <span class='ocr_line' id='line_1_7' title="bbox 648 989 3240 1072; baseline -0.001 -15"><span class='ocrx_word' id='word_1_52' title='bbox 648 990 1132 1071; x_wconf 79' lang='grc' dir='ltr'>Μιςγομεναί</span> <span class='ocrx_word' id='word_1_53' title='bbox 1177 990 1361 1054; x_wconf 89' lang='grc' dir='ltr'>πόλις</span> <span class='ocrx_word' id='word_1_54' title='bbox 1408 989 1762 1054; x_wconf 86' lang='grc' dir='ltr'>Θεςςαλίας.</span> <span class='ocrx_word' id='word_1_55' title='bbox 1850 989 2230 1070; x_wconf 50' lang='grc' dir='ltr'>Ἑλλάνικος,</span> <span class='ocrx_word' id='word_1_56' title='bbox 2259 990 2496 1072; x_wconf 83' lang='grc' dir='ltr'>πρώτῳ</span> <span class='ocrx_word' id='word_1_57' title='bbox 2526 990 3058 1056; x_wconf 85' lang='grc' dir='ltr'>Δευκαλιωνείας.</span> <span class='ocrx_word' id='word_1_58' title='bbox 3131 992 3240 1055; x_wconf 88' lang='grc' dir='ltr'>καὶ</span> 
     </span>
     <span class='ocr_line' id='line_1_8' title="bbox 645 1090 3232 1173; baseline -0 -15"><span class='ocrx_word' id='word_1_59' title='bbox 645 1092 1108 1173; x_wconf 82' lang='grc' dir='ltr'>Ὀργομεναί</span> <span class='ocrx_word' id='word_1_60' title='bbox 1163 1092 1349 1156; x_wconf 93' lang='grc' dir='ltr'>πόλις</span> <span class='ocrx_word' id='word_1_61' title='bbox 1406 1092 1707 1171; x_wconf 86' lang='grc' dir='ltr'>Ἰλλυρίας</span> <span class='ocrx_word' id='word_1_62' title='bbox 1772 1091 1875 1155; x_wconf 87' lang='grc' dir='ltr'>καὶ</span> <span class='ocrx_word' id='word_1_63' title='bbox 1929 1090 2380 1169; x_wconf 86' lang='grc' dir='ltr'>Δεξαμεναί</span> <span class='ocrx_word' id='word_1_64' title='bbox 2446 1092 2637 1170; x_wconf 84' lang='grc' dir='ltr'>μέρος</span> <span class='ocrx_word' id='word_1_65' title='bbox 2695 1096 2804 1170; x_wconf 90' lang='grc' dir='ltr'>τῆς</span> <span class='ocrx_word' id='word_1_66' title='bbox 2859 1091 3232 1172; x_wconf 87' lang='grc' dir='ltr'>Ἀμβρακίας</span> 
     </span>
     <span class='ocr_line' id='line_1_9' title="bbox 644 1176 3232 1274; baseline -0 -15"><span class='ocrx_word' id='word_1_67' title='bbox 644 1195 774 1260; x_wconf 84' lang='grc' dir='ltr'>ἀπὸ</span> <span class='ocrx_word' id='word_1_68' title='bbox 819 1196 1194 1274; x_wconf 81' lang='grc' dir='ltr'>Δεξαμενοῦ</span> <span class='ocrx_word' id='word_1_69' title='bbox 1238 1197 1356 1257; x_wconf 82' lang='grc' dir='ltr'>τοῦ</span> <span class='ocrx_word' id='word_1_70' title='bbox 1403 1194 1700 1257; x_wconf 89' lang='grc' dir='ltr'>Μεςόλου</span> <span class='ocrx_word' id='word_1_71' title='bbox 1745 1194 1976 1258; x_wconf 89' lang='grc' dir='ltr'>παιδὸς</span> <span class='ocrx_word' id='word_1_72' title='bbox 2019 1194 2124 1257; x_wconf 88' lang='grc' dir='ltr'>καὶ</span> <span class='ocrx_word' id='word_1_73' title='bbox 2152 1192 2521 1273; x_wconf 84' lang='grc' dir='ltr'>Ἀμβρακίας</span> <span class='ocrx_word' id='word_1_74' title='bbox 2565 1176 2679 1270; x_wconf 83' lang='grc' dir='ltr'>τῆς</span> <span class='ocrx_word' id='word_1_75' title='bbox 2720 1195 3034 1272; x_wconf 89' lang='grc' dir='ltr'>θυγατρὸς</span> <span class='ocrx_word' id='word_1_76' title='bbox 3063 1193 3232 1272; x_wconf 90' lang='grc' dir='ltr'>Φόρ-</span> 
     </span>
     <span class='ocr_line' id='line_1_10' title="bbox 646 1294 3233 1376; baseline 0 -16"><span class='ocrx_word' id='word_1_77' title='bbox 646 1302 876 1376; x_wconf 88' lang='grc' dir='ltr'>βαντος</span> <span class='ocrx_word' id='word_1_78' title='bbox 922 1300 1039 1359; x_wconf 85' lang='grc' dir='ltr'>τοῦ</span> <span class='ocrx_word' id='word_1_79' title='bbox 1084 1295 1303 1361; x_wconf 88' lang='grc' dir='ltr'>Ἡλίου</span> <span class='ocrx_word' id='word_1_80' title='bbox 1350 1295 1451 1358; x_wconf 85' lang='grc' dir='ltr'>καὶ</span> <span class='ocrx_word' id='word_1_81' title='bbox 1495 1296 1569 1359; x_wconf 90' lang='grc' dir='ltr'>τὸ</span> <span class='ocrx_word' id='word_1_82' title='bbox 1613 1294 1996 1374; x_wconf 75' lang='grc' dir='ltr'>Εἰδομενή</span> <span class='ocrx_word' id='word_1_83' title='bbox 2041 1295 2226 1359; x_wconf 89' lang='grc' dir='ltr'>πόλις</span> <span class='ocrx_word' id='word_1_84' title='bbox 2259 1294 2677 1360; x_wconf 81' lang='grc' dir='ltr'>Μακεδονίας.</span> <span class='ocrx_word' id='word_1_85' title='bbox 2754 1296 3145 1375; x_wconf 85' lang='grc' dir='ltr'>Θουκυδίδης</span> <span class='ocrx_word' id='word_1_86' title='bbox 3179 1298 3233 1376; x_wconf 81' lang='grc' dir='ltr'>β’</span> 
     </span>
     <span class='ocr_line' id='line_1_11' title="bbox 548 1393 3232 1485; baseline 0.003 -30"><span class='ocrx_word' id='word_1_87' title='bbox 548 1407 610 1457; x_wconf 87' lang='lat'>10</span> <span class='ocrx_word' id='word_1_88' title='bbox 645 1400 724 1480; x_wconf 83' lang='grc' dir='ltr'>(ο.</span> <span class='ocrx_word' id='word_1_89' title='bbox 786 1397 950 1478; x_wconf 90' lang='grc'>100).</span> <span class='ocrx_word' id='word_1_90' title='bbox 1049 1399 1151 1461; x_wconf 84' lang='grc' dir='ltr'>καὶ</span> <span class='ocrx_word' id='word_1_91' title='bbox 1205 1398 1280 1461; x_wconf 88' lang='grc' dir='ltr'>τὸ</span> <span class='ocrx_word' id='word_1_92' title='bbox 1348 1397 1768 1478; x_wconf 85' lang='grc' dir='ltr'>δεξαμενή,</span> <span class='ocrx_word' id='word_1_93' title='bbox 1828 1395 2150 1475; x_wconf 87' lang='grc' dir='ltr'>εἰαμενή</span> <span class='ocrx_word' id='word_1_94' title='bbox 2217 1393 2255 1459; x_wconf 99' lang='lat'>6</span> <span class='ocrx_word' id='word_1_95' title='bbox 2323 1395 2642 1485; x_wconf 72' lang='grc' dir='ltr'>κάθυγρος</span> <span class='ocrx_word' id='word_1_96' title='bbox 2705 1397 2908 1462; x_wconf 92' lang='grc' dir='ltr'>τόπος</span> <span class='ocrx_word' id='word_1_97' title='bbox 2961 1400 3232 1477; x_wconf 81' lang='grc' dir='ltr'>τοπικὴν</span> 
     </span>
     <span class='ocr_line' id='line_1_12' title="bbox 582 1499 1203 1578; baseline -0.005 -14"><span class='ocrx_word' id='word_1_98' title='bbox 582 1519 589 1534; x_wconf 70' lang='grc'><strong>’</strong></span> <span class='ocrx_word' id='word_1_99' title='bbox 644 1500 905 1566; x_wconf 83' lang='grc' dir='ltr'>ἔννοιαν</span> <span class='ocrx_word' id='word_1_100' title='bbox 951 1499 1203 1578; x_wconf 84' lang='grc' dir='ltr'>ἔχοντα.</span> 
     </span>
    </p>

    <p class='ocr_par' dir='ltr' id='par_1_3' title="bbox 645 1599 3233 1892">
     <span class='ocr_line' id='line_1_13' title="bbox 814 1599 3233 1682; baseline 0 -17"><span class='ocrx_word' id='word_1_101' title='bbox 814 1602 908 1665; x_wconf 89' lang='grc' dir='ltr'>Τὰ</span> <span class='ocrx_word' id='word_1_102' title='bbox 953 1601 1057 1664; x_wconf 88' lang='grc' dir='ltr'>διὰ</span> <span class='ocrx_word' id='word_1_103' title='bbox 1100 1603 1216 1663; x_wconf 85' lang='grc' dir='ltr'>τοῦ</span> <span class='ocrx_word' id='word_1_104' title='bbox 1262 1604 1392 1678; x_wconf 58' lang='lat' dir='ltr'>‘vivii</span> <span class='ocrx_word' id='word_1_105' title='bbox 1449 1603 1799 1678; x_wconf 88' lang='grc' dir='ltr'>μονογενῆ·</span> <span class='ocrx_word' id='word_1_106' title='bbox 1829 1599 2174 1679; x_wconf 87' lang='grc' dir='ltr'>διςύλλαβα</span> <span class='ocrx_word' id='word_1_107' title='bbox 2230 1601 2594 1682; x_wconf 86' lang='grc' dir='ltr'>βαρύνεται,</span> <span class='ocrx_word' id='word_1_108' title='bbox 2651 1600 2704 1664; x_wconf 87' lang='grc' dir='ltr'>εἰ</span> <span class='ocrx_word' id='word_1_109' title='bbox 2749 1602 2829 1679; x_wconf 89' lang='grc' dir='ltr'>μὴ</span> <span class='ocrx_word' id='word_1_110' title='bbox 2875 1604 3233 1680; x_wconf 86' lang='grc' dir='ltr'>περιεκτικὰ</span> 
     </span>
     <span class='ocr_line' id='line_1_14' title="bbox 645 1701 3229 1785; baseline 0 -18"><span class='ocrx_word' id='word_1_111' title='bbox 645 1703 741 1780; x_wconf 86' lang='grc' dir='ltr'>εἴη</span> <span class='ocrx_word' id='word_1_112' title='bbox 755 1752 773 1785; x_wconf 94' lang='grc'>,</span> <span class='ocrx_word' id='word_1_113' title='bbox 817 1702 1040 1781; x_wconf 86' lang='grc' dir='ltr'>Ῥήνη</span> <span class='ocrx_word' id='word_1_114' title='bbox 1087 1704 1277 1778; x_wconf 89' lang='grc' dir='ltr'>νῆςος</span> <span class='ocrx_word' id='word_1_115' title='bbox 1323 1701 1509 1780; x_wconf 89' lang='grc' dir='ltr'>μικρὰ</span> <span class='ocrx_word' id='word_1_116' title='bbox 1552 1701 1820 1779; x_wconf 91' lang='grc' dir='ltr'>πληςίον</span> <span class='ocrx_word' id='word_1_117' title='bbox 1845 1701 2091 1780; x_wconf 86' lang='grc' dir='ltr'>Δήλου.</span> <span class='ocrx_word' id='word_1_118' title='bbox 2154 1702 2403 1777; x_wconf 85' lang='grc' dir='ltr'>λέγεται</span> <span class='ocrx_word' id='word_1_119' title='bbox 2449 1703 2551 1765; x_wconf 86' lang='grc' dir='ltr'>καὶ</span> <span class='ocrx_word' id='word_1_120' title='bbox 2580 1701 2786 1781; x_wconf 85' lang='grc' dir='ltr'>Ῥηνίς</span> <span class='ocrx_word' id='word_1_121' title='bbox 2828 1704 2929 1767; x_wconf 82' lang='grc' dir='ltr'>καὶ</span> <span class='ocrx_word' id='word_1_122' title='bbox 2957 1703 3229 1781; x_wconf 86' lang='grc' dir='ltr'>Ῥηναία.</span> 
     </span>
     <span class='ocr_line' id='line_1_15' title="bbox 646 1796 3230 1892; baseline -0.001 -24"><span class='ocrx_word' id='word_1_123' title='bbox 646 1804 841 1883; x_wconf 83' lang='grc' dir='ltr'>(ήνη</span> <span class='ocrx_word' id='word_1_124' title='bbox 906 1804 1092 1868; x_wconf 90' lang='grc' dir='ltr'>πόλις</span> <span class='ocrx_word' id='word_1_125' title='bbox 1153 1804 1443 1892; x_wconf 78' lang='grc' dir='ltr'>Κελτική,</span> <span class='ocrx_word' id='word_1_126' title='bbox 1508 1803 1717 1881; x_wconf 85' lang='grc' dir='ltr'>φήνή</span> <span class='ocrx_word' id='word_1_127' title='bbox 1784 1804 1859 1867; x_wconf 90' lang='grc' dir='ltr'>τὸ</span> <span class='ocrx_word' id='word_1_128' title='bbox 1927 1800 2164 1881; x_wconf 90' lang='grc' dir='ltr'>ὄρνεον</span> <span class='ocrx_word' id='word_1_129' title='bbox 2231 1803 2447 1886; x_wconf 81' lang='grc' dir='ltr'>«φήνῃ</span> <span class='ocrx_word' id='word_1_130' title='bbox 2503 1804 2872 1882; x_wconf 73' lang='grc' dir='ltr'>ἐειδομένη»</span> <span class='ocrx_word' id='word_1_131' title='bbox 2934 1805 3001 1885; x_wconf 91' lang='grc' dir='ltr'>(γ</span> <span class='ocrx_word' id='word_1_132' title='bbox 3053 1796 3230 1885; x_wconf 79' lang='lat'><strong>372),</strong></span> 
     </span>
    </p>

    <p class='ocr_par' dir='ltr' id='par_1_4' title="bbox 546 1905 3232 2295">
     <span class='ocr_line' id='line_1_16' title="bbox 546 1905 3230 1992; baseline 0.002 -27"><span class='ocrx_word' id='word_1_133' title='bbox 546 1917 608 1966; x_wconf 81' lang='lat'>15</span> <span class='ocrx_word' id='word_1_134' title='bbox 643 1908 892 1984; x_wconf 86' lang='grc' dir='ltr'>γλήνη</span> <span class='ocrx_word' id='word_1_135' title='bbox 937 1905 975 1968; x_wconf 90' lang='lat'>6</span> <span class='ocrx_word' id='word_1_136' title='bbox 1022 1905 1256 1992; x_wconf 82' lang='grc' dir='ltr'>ῥύπος,</span> <span class='ocrx_word' id='word_1_137' title='bbox 1304 1905 1574 1988; x_wconf 88' lang='grc' dir='ltr'>κρήνη,</span> <span class='ocrx_word' id='word_1_138' title='bbox 1630 1905 1823 1984; x_wconf 92' lang='grc' dir='ltr'>μήνη</span> <span class='ocrx_word' id='word_1_139' title='bbox 1880 1905 1919 1982; x_wconf 85' lang='grc' dir='ltr'>ἡ</span> <span class='ocrx_word' id='word_1_140' title='bbox 1977 1905 2222 1983; x_wconf 90' lang='grc' dir='ltr'>ςελήνη.</span> <span class='ocrx_word' id='word_1_141' title='bbox 2310 1905 2501 1983; x_wconf 90' lang='grc' dir='ltr'>χήνη</span> <span class='ocrx_word' id='word_1_142' title='bbox 2558 1905 2660 1968; x_wconf 87' lang='grc' dir='ltr'>καὶ</span> <span class='ocrx_word' id='word_1_143' title='bbox 2714 1907 3110 1985; x_wconf 87' lang='grc' dir='ltr'>καταχήνη</span> <span class='ocrx_word' id='word_1_144' title='bbox 3153 1909 3230 1971; x_wconf 85' lang='grc' dir='ltr'>τὸ</span> 
     </span>
     <span class='ocr_line' id='line_1_17' title="bbox 644 2006 3231 2088; baseline 0.001 -17"><span class='ocrx_word' id='word_1_145' title='bbox 644 2009 937 2087; x_wconf 86' lang='grc' dir='ltr'>γέλαςμα.</span> <span class='ocrx_word' id='word_1_146' title='bbox 1049 2007 1284 2088; x_wconf 90' lang='grc' dir='ltr'>Λήνη,</span> <span class='ocrx_word' id='word_1_147' title='bbox 1356 2007 1558 2085; x_wconf 91' lang='grc' dir='ltr'>Βήνη</span> <span class='ocrx_word' id='word_1_148' title='bbox 1624 2008 1810 2071; x_wconf 89' lang='grc' dir='ltr'>πόλις</span> <span class='ocrx_word' id='word_1_149' title='bbox 1881 2006 2119 2085; x_wconf 88' lang='grc' dir='ltr'>Κρήτης</span> <span class='ocrx_word' id='word_1_150' title='bbox 2186 2006 2312 2070; x_wconf 86' lang='grc' dir='ltr'>ὑπὸ</span> <span class='ocrx_word' id='word_1_151' title='bbox 2382 2006 2616 2084; x_wconf 90' lang='grc' dir='ltr'>Γόρτυν</span> <span class='ocrx_word' id='word_1_152' title='bbox 2683 2007 3047 2086; x_wconf 81' lang='grc' dir='ltr'>τεταγμένη.</span> <span class='ocrx_word' id='word_1_153' title='bbox 3155 2010 3231 2078; x_wconf 85' lang='grc' dir='ltr'>τὸ</span> 
     </span>
     <span class='ocr_line' id='line_1_18' title="bbox 645 2104 3230 2187; baseline 0 -15"><span class='ocrx_word' id='word_1_154' title='bbox 645 2111 862 2187; x_wconf 86' lang='grc' dir='ltr'>μέντοι</span> <span class='ocrx_word' id='word_1_155' title='bbox 917 2111 1158 2187; x_wconf 90' lang='grc' dir='ltr'>ςκηνή</span> <span class='ocrx_word' id='word_1_156' title='bbox 1221 2107 1510 2174; x_wconf 80' lang='grc' dir='ltr'>ὀξύνεται</span> <span class='ocrx_word' id='word_1_157' title='bbox 1580 2109 1670 2173; x_wconf 79' lang='grc' dir='ltr'>ὡς</span> <span class='ocrx_word' id='word_1_158' title='bbox 1736 2109 2209 2187; x_wconf 90' lang='grc' dir='ltr'>προςηγορικὸν</span> <span class='ocrx_word' id='word_1_159' title='bbox 2276 2104 2671 2185; x_wconf 76' lang='grc' dir='ltr'>περιεκτικὴν</span> <span class='ocrx_word' id='word_1_160' title='bbox 2726 2108 2882 2187; x_wconf 81' lang='grc' dir='ltr'>ἔχον</span> <span class='ocrx_word' id='word_1_161' title='bbox 2951 2108 3230 2174; x_wconf 82' lang='grc' dir='ltr'>ἔννοιαν.</span> 
     </span>
     <span class='ocr_line' id='line_1_19' title="bbox 647 2207 3232 2295; baseline -0.001 -20"><span class='ocrx_word' id='word_1_162' title='bbox 647 2213 947 2276; x_wconf 83' lang='grc' dir='ltr'>ὡςαύτως</span> <span class='ocrx_word' id='word_1_163' title='bbox 992 2211 1093 2274; x_wconf 86' lang='grc' dir='ltr'>καὶ</span> <span class='ocrx_word' id='word_1_164' title='bbox 1138 2210 1415 2288; x_wconf 82' lang='grc' dir='ltr'>(κηναί</span> <span class='ocrx_word' id='word_1_165' title='bbox 1459 2209 1644 2274; x_wconf 89' lang='grc' dir='ltr'>πόλις</span> <span class='ocrx_word' id='word_1_166' title='bbox 1674 2209 2014 2285; x_wconf 88' lang='grc' dir='ltr'>ἀξιόλογος</span> <span class='ocrx_word' id='word_1_167' title='bbox 2044 2209 2317 2287; x_wconf 87' lang='grc' dir='ltr'>Περςική</span> <span class='ocrx_word' id='word_1_168' title='bbox 2366 2209 2455 2274; x_wconf 83' lang='grc' dir='ltr'>ὡς</span> <span class='ocrx_word' id='word_1_169' title='bbox 2486 2207 2783 2290; x_wconf 78' lang='grc' dir='ltr'>(τράβων</span> <span class='ocrx_word' id='word_1_170' title='bbox 2816 2211 2892 2281; x_wconf 83' lang='grc' dir='ltr'>ις’</span> <span class='ocrx_word' id='word_1_171' title='bbox 2937 2212 3028 2295; x_wconf 87' lang='lat' dir='ltr'>(p.</span> <span class='ocrx_word' id='word_1_172' title='bbox 3065 2210 3232 2292; x_wconf 83' lang='lat'>748).</span> 
     </span>
    </p>

    <p class='ocr_par' dir='ltr' id='par_1_5' title="bbox 813 2310 3232 2393">
     <span class='ocr_line' id='line_1_20' title="bbox 813 2310 3232 2393; baseline 0 -15"><span class='ocrx_word' id='word_1_173' title='bbox 813 2313 907 2378; x_wconf 86' lang='grc' dir='ltr'>Τὰ</span> <span class='ocrx_word' id='word_1_174' title='bbox 952 2313 1056 2377; x_wconf 84' lang='grc' dir='ltr'>διὰ</span> <span class='ocrx_word' id='word_1_175' title='bbox 1101 2316 1217 2376; x_wconf 87' lang='grc' dir='ltr'>τοῦ</span> <span class='ocrx_word' id='word_1_176' title='bbox 1262 2317 1387 2390; x_wconf 59' lang='lat' dir='ltr'>W</span> <span class='ocrx_word' id='word_1_177' title='bbox 1440 2310 2199 2391; x_wconf 85' lang='grc' dir='ltr'>τριςύλλαβα-μονογενῆ</span> <span class='ocrx_word' id='word_1_178' title='bbox 2258 2311 2625 2393; x_wconf 88' lang='grc' dir='ltr'>βαρύνεται,</span> <span class='ocrx_word' id='word_1_179' title='bbox 2683 2312 2955 2391; x_wconf 87' lang='grc' dir='ltr'>Ἀρήνη</span> <span class='ocrx_word' id='word_1_180' title='bbox 3013 2314 3232 2378; x_wconf 91' lang='grc' dir='ltr'>πόλεις</span> 
     </span>
    </p>

    <p class='ocr_par' dir='ltr' id='par_1_6' title="bbox 542 2413 3232 2903">
     <span class='ocr_line' id='line_1_21' title="bbox 542 2413 3230 2497; baseline -0.001 -17"><span class='ocrx_word' id='word_1_181' title='bbox 542 2426 609 2475; x_wconf 82' lang='lat'>20</span> <span class='ocrx_word' id='word_1_182' title='bbox 646 2416 796 2497; x_wconf 91' lang='grc' dir='ltr'>δύο,</span> <span class='ocrx_word' id='word_1_183' title='bbox 884 2415 1209 2492; x_wconf 87' lang='grc' dir='ltr'>Μεςςήνης</span> <span class='ocrx_word' id='word_1_184' title='bbox 1286 2414 1390 2478; x_wconf 86' lang='grc' dir='ltr'>καὶ</span> <span class='ocrx_word' id='word_1_185' title='bbox 1452 2413 1818 2492; x_wconf 88' lang='grc' dir='ltr'>Τριφυλίας.</span> <span class='ocrx_word' id='word_1_186' title='bbox 1935 2413 2220 2491; x_wconf 89' lang='grc' dir='ltr'>Ὅμηρος</span> <span class='ocrx_word' id='word_1_187' title='bbox 2302 2414 2444 2477; x_wconf 76' lang='grc' dir='ltr'>«καὶ</span> <span class='ocrx_word' id='word_1_188' title='bbox 2509 2413 2778 2491; x_wconf 85' lang='grc' dir='ltr'>Ἀρήνην</span> <span class='ocrx_word' id='word_1_189' title='bbox 2857 2413 3230 2493; x_wconf 72' lang='grc' dir='ltr'>ἐρατεινήν»</span> 
     </span>
     <span class='ocr_line' id='line_1_22' title="bbox 642 2513 3232 2599; baseline -0.001 -18"><span class='ocrx_word' id='word_1_190' title='bbox 642 2519 719 2598; x_wconf 92' lang='grc' dir='ltr'>(Β</span> <span class='ocrx_word' id='word_1_191' title='bbox 763 2515 933 2597; x_wconf 79' lang='lat'>591).</span> <span class='ocrx_word' id='word_1_192' title='bbox 1022 2516 1300 2593; x_wconf 84' lang='grc' dir='ltr'>Ἀθήνη</span> <span class='ocrx_word' id='word_1_193' title='bbox 1345 2514 1566 2579; x_wconf 90' lang='grc' dir='ltr'>πόλεις</span> <span class='ocrx_word' id='word_1_194' title='bbox 1610 2516 1769 2580; x_wconf 88' lang='grc' dir='ltr'>κατὰ</span> <span class='ocrx_word' id='word_1_195' title='bbox 1812 2513 2073 2580; x_wconf 87' lang='grc' dir='ltr'>Φίλωνα</span> <span class='ocrx_word' id='word_1_196' title='bbox 2117 2515 2198 2580; x_wconf 83' lang='grc' dir='ltr'>ἕξ.</span> <span class='ocrx_word' id='word_1_197' title='bbox 2259 2515 2296 2591; x_wconf 84' lang='grc' dir='ltr'>ἡ</span> <span class='ocrx_word' id='word_1_198' title='bbox 2341 2514 2413 2580; x_wconf 83' lang='grc' dir='ltr'>ἐν</span> <span class='ocrx_word' id='word_1_199' title='bbox 2458 2516 2728 2599; x_wconf 81' lang='grc' dir='ltr'>Ἀττικῇ,</span> <span class='ocrx_word' id='word_1_200' title='bbox 2773 2516 2919 2593; x_wconf 84' lang='grc' dir='ltr'>περὶ</span> <span class='ocrx_word' id='word_1_201' title='bbox 2962 2515 3036 2593; x_wconf 84' lang='grc' dir='ltr'>ἧς</span> <span class='ocrx_word' id='word_1_202' title='bbox 3081 2537 3232 2595; x_wconf 89' lang='grc' dir='ltr'>φηςι</span> 
     </span>
     <span class='ocr_line' id='line_1_23' title="bbox 646 2611 3230 2700; baseline 0 -19"><span class='ocrx_word' id='word_1_203' title='bbox 646 2618 888 2699; x_wconf 86' lang='grc' dir='ltr'>Χάραξ,</span> <span class='ocrx_word' id='word_1_204' title='bbox 934 2611 1031 2681; x_wconf 89' lang='grc' dir='ltr'>ὅτι</span> <span class='ocrx_word' id='word_1_205' title='bbox 1076 2617 1113 2679; x_wconf 92' lang='lat'>6</span> <span class='ocrx_word' id='word_1_206' title='bbox 1160 2617 1400 2695; x_wconf 84' lang='grc' dir='ltr'>Θηςεὺς</span> <span class='ocrx_word' id='word_1_207' title='bbox 1445 2617 1558 2680; x_wconf 86' lang='grc' dir='ltr'>τὰς</span> <span class='ocrx_word' id='word_1_208' title='bbox 1615 2617 1844 2680; x_wconf 81' lang='grc' dir='ltr'>ἕνδεκα</span> <span class='ocrx_word' id='word_1_209' title='bbox 1897 2617 2119 2680; x_wconf 88' lang='grc' dir='ltr'>πόλεις</span> <span class='ocrx_word' id='word_1_210' title='bbox 2175 2618 2288 2682; x_wconf 90' lang='grc' dir='ltr'>τὰς</span> <span class='ocrx_word' id='word_1_211' title='bbox 2344 2617 2413 2681; x_wconf 87' lang='grc' dir='ltr'>ἐν</span> <span class='ocrx_word' id='word_1_212' title='bbox 2469 2623 2545 2700; x_wconf 86' lang='grc' dir='ltr'>τῇ</span> <span class='ocrx_word' id='word_1_213' title='bbox 2592 2617 2830 2700; x_wconf 86' lang='grc' dir='ltr'>Ἀττικῇ</span> <span class='ocrx_word' id='word_1_214' title='bbox 2882 2618 3230 2682; x_wconf 90' lang='grc' dir='ltr'>ςυνοικίςας</span> 
     </span>
     <span class='ocr_line' id='line_1_24' title="bbox 644 2705 3229 2801; baseline -0.001 -17"><span class='ocrx_word' id='word_1_215' title='bbox 644 2719 731 2784; x_wconf 87' lang='grc' dir='ltr'>εἰς</span> <span class='ocrx_word' id='word_1_216' title='bbox 794 2719 1058 2797; x_wconf 77' lang='grc' dir='ltr'>Ἀθήνας</span> <span class='ocrx_word' id='word_1_217' title='bbox 1126 2719 1406 2783; x_wconf 88' lang='grc' dir='ltr'>ςυνοίκια</span> <span class='ocrx_word' id='word_1_218' title='bbox 1470 2717 1702 2797; x_wconf 87' lang='grc' dir='ltr'>ἑορτὴν</span> <span class='ocrx_word' id='word_1_219' title='bbox 1768 2720 2204 2797; x_wconf 87' lang='grc' dir='ltr'>κατεςτήςατο.</span> <span class='ocrx_word' id='word_1_220' title='bbox 2306 2719 2572 2797; x_wconf 86' lang='grc' dir='ltr'>δευτέρα</span> <span class='ocrx_word' id='word_1_221' title='bbox 2637 2718 2821 2783; x_wconf 93' lang='grc' dir='ltr'>πόλις</span> <span class='ocrx_word' id='word_1_222' title='bbox 2877 2705 3229 2801; x_wconf 84' lang='grc' dir='ltr'>Λακωνική,</span> 
     </span>
     <span class='ocr_line' id='line_1_25' title="bbox 642 2793 3229 2903; baseline 0 -18"><span class='ocrx_word' id='word_1_223' title='bbox 642 2822 817 2900; x_wconf 88' lang='grc' dir='ltr'>τρίτη</span> <span class='ocrx_word' id='word_1_224' title='bbox 867 2821 1125 2903; x_wconf 90' lang='grc' dir='ltr'>Καρίας,</span> <span class='ocrx_word' id='word_1_225' title='bbox 1171 2821 1436 2899; x_wconf 89' lang='grc' dir='ltr'>τετάρτη</span> <span class='ocrx_word' id='word_1_226' title='bbox 1468 2820 1846 2902; x_wconf 89' lang='grc' dir='ltr'>Λιγυςτίων,</span> <span class='ocrx_word' id='word_1_227' title='bbox 1892 2821 2142 2900; x_wconf 83' lang='grc' dir='ltr'>πέμπτη</span> <span class='ocrx_word' id='word_1_228' title='bbox 2162 2793 2464 2903; x_wconf 74' lang='grc' dir='ltr'>Ἰταλίας,</span> <span class='ocrx_word' id='word_1_229' title='bbox 2512 2821 2657 2900; x_wconf 80' lang='grc' dir='ltr'>ἕκτη</span> <span class='ocrx_word' id='word_1_230' title='bbox 2689 2821 2985 2903; x_wconf 85' lang='grc' dir='ltr'>Εὐβοίας,</span> <span class='ocrx_word' id='word_1_231' title='bbox 3030 2821 3229 2885; x_wconf 90' lang='grc' dir='ltr'>Δίαν-</span> 
     </span>
    </p>

    <p class='ocr_par' dir='ltr' id='par_1_7' title="bbox 543 2921 3230 3311">
     <span class='ocr_line' id='line_1_26' title="bbox 543 2921 3230 3004; baseline -0.001 -16"><span class='ocrx_word' id='word_1_232' title='bbox 543 2935 607 2983; x_wconf 81' lang='lat'>‘25</span> <span class='ocrx_word' id='word_1_233' title='bbox 644 2945 755 2988; x_wconf 90' lang='grc' dir='ltr'>τος</span> <span class='ocrx_word' id='word_1_234' title='bbox 798 2924 1046 3004; x_wconf 90' lang='grc' dir='ltr'>κτίςμα,</span> <span class='ocrx_word' id='word_1_235' title='bbox 1105 2922 1194 2987; x_wconf 81' lang='grc' dir='ltr'>ὡς</span> <span class='ocrx_word' id='word_1_236' title='bbox 1236 2923 1522 3002; x_wconf 79' lang='grc' dir='ltr'>Ἔφορος</span> <span class='ocrx_word' id='word_1_237' title='bbox 1576 2921 1751 3003; x_wconf 85' lang='grc' dir='ltr'>τρίτῃ</span> <span class='ocrx_word' id='word_1_238' title='bbox 1799 2923 2148 3003; x_wconf 79' lang='grc' dir='ltr'>«Ἄβαντος</span> <span class='ocrx_word' id='word_1_239' title='bbox 2203 2924 2275 2987; x_wconf 80' lang='grc' dir='ltr'>δὲ</span> <span class='ocrx_word' id='word_1_240' title='bbox 2329 2924 2655 2999; x_wconf 89' lang='grc' dir='ltr'>γίγνονται</span> <span class='ocrx_word' id='word_1_241' title='bbox 2711 2926 2935 2987; x_wconf 88' lang='grc' dir='ltr'>παῖδες</span> <span class='ocrx_word' id='word_1_242' title='bbox 2979 2923 3230 2987; x_wconf 87' lang='grc' dir='ltr'>Ἄλκων</span> 
     </span>
     <span class='ocr_line' id='line_1_27' title="bbox 643 3021 3230 3103; baseline 0 -15"><span class='ocrx_word' id='word_1_243' title='bbox 643 3026 746 3088; x_wconf 86' lang='grc' dir='ltr'>καὶ</span> <span class='ocrx_word' id='word_1_244' title='bbox 787 3025 959 3088; x_wconf 83' lang='grc' dir='ltr'>Δίαε</span> <span class='ocrx_word' id='word_1_245' title='bbox 996 3025 1099 3087; x_wconf 85' lang='grc' dir='ltr'>καὶ</span> <span class='ocrx_word' id='word_1_246' title='bbox 1143 3022 1514 3103; x_wconf 87' lang='grc' dir='ltr'>Ἀρέθουςα,</span> <span class='ocrx_word' id='word_1_247' title='bbox 1560 3021 1653 3087; x_wconf 85' lang='grc' dir='ltr'>ὧν</span> <span class='ocrx_word' id='word_1_248' title='bbox 1710 3022 1748 3085; x_wconf 95' lang='lat'>6</span> <span class='ocrx_word' id='word_1_249' title='bbox 1804 3025 1920 3102; x_wconf 80' lang='grc' dir='ltr'>μὲν</span> <span class='ocrx_word' id='word_1_250' title='bbox 1964 3025 2127 3090; x_wconf 90' lang='grc' dir='ltr'>Δίας</span> <span class='ocrx_word' id='word_1_251' title='bbox 2171 3025 2376 3090; x_wconf 91' lang='grc' dir='ltr'>κτίςας</span> <span class='ocrx_word' id='word_1_252' title='bbox 2430 3025 2622 3089; x_wconf 88' lang='grc' dir='ltr'>πόλιν</span> <span class='ocrx_word' id='word_1_253' title='bbox 2680 3024 2885 3089; x_wconf 86' lang='grc' dir='ltr'>οὕτως</span> <span class='ocrx_word' id='word_1_254' title='bbox 2943 3022 3075 3089; x_wconf 88' lang='grc' dir='ltr'>ἀπὸ</span> <span class='ocrx_word' id='word_1_255' title='bbox 3119 3027 3230 3101; x_wconf 89' lang='grc' dir='ltr'>τῆς</span> 
     </span>
     <span class='ocr_line' id='line_1_28' title="bbox 643 3123 3229 3206; baseline 0 -18"><span class='ocrx_word' id='word_1_256' title='bbox 643 3127 949 3202; x_wconf 89' lang='grc' dir='ltr'>πατρίδος</span> <span class='ocrx_word' id='word_1_257' title='bbox 994 3124 1322 3203; x_wconf 82' lang='grc' dir='ltr'>ὠνόμαςεν</span> <span class='ocrx_word' id='word_1_258' title='bbox 1338 3148 1382 3186; x_wconf 82' lang='grc'>».</span> <span class='ocrx_word' id='word_1_259' title='bbox 1442 3123 1624 3188; x_wconf 84' lang='grc' dir='ltr'>αὗται</span> <span class='ocrx_word' id='word_1_260' title='bbox 1671 3125 1735 3188; x_wconf 84' lang='grc' dir='ltr'>δ’</span> <span class='ocrx_word' id='word_1_261' title='bbox 1780 3126 2035 3204; x_wconf 89' lang='grc' dir='ltr'>Ἀθῆναι</span> <span class='ocrx_word' id='word_1_262' title='bbox 2079 3125 2318 3190; x_wconf 88' lang='grc' dir='ltr'>Διάδες</span> <span class='ocrx_word' id='word_1_263' title='bbox 2364 3126 2676 3201; x_wconf 89' lang='grc' dir='ltr'>λέγονται.</span> <span class='ocrx_word' id='word_1_264' title='bbox 2736 3125 2970 3206; x_wconf 87' lang='grc' dir='ltr'>ἑβδόμη</span> <span class='ocrx_word' id='word_1_265' title='bbox 3017 3126 3229 3204; x_wconf 89' lang='grc' dir='ltr'>Ἀκαρ-</span> 
     </span>
     <span class='ocr_line' id='line_1_29' title="bbox 644 3225 3228 3311; baseline 0 -20"><span class='ocrx_word' id='word_1_266' title='bbox 644 3227 899 3307; x_wconf 84' lang='grc' dir='ltr'>νανίας,</span> <span class='ocrx_word' id='word_1_267' title='bbox 968 3226 1058 3289; x_wconf 83' lang='grc' dir='ltr'>ὡς</span> <span class='ocrx_word' id='word_1_268' title='bbox 1111 3225 1511 3307; x_wconf 86' lang='grc' dir='ltr'>Δημήτριος,</span> <span class='ocrx_word' id='word_1_269' title='bbox 1569 3226 1940 3305; x_wconf 90' lang='grc' dir='ltr'>Ἀθηναίους</span> <span class='ocrx_word' id='word_1_270' title='bbox 2008 3228 2076 3291; x_wconf 82' lang='grc' dir='ltr'>ἐν</span> <span class='ocrx_word' id='word_1_271' title='bbox 2150 3234 2225 3311; x_wconf 81' lang='grc' dir='ltr'>τῇ</span> <span class='ocrx_word' id='word_1_272' title='bbox 2289 3226 2622 3306; x_wconf 89' lang='grc' dir='ltr'>Κουρήτιδι</span> <span class='ocrx_word' id='word_1_273' title='bbox 2669 3227 2995 3292; x_wconf 89' lang='grc' dir='ltr'>κτίςαντας</span> <span class='ocrx_word' id='word_1_274' title='bbox 3039 3228 3228 3292; x_wconf 89' lang='grc' dir='ltr'>πόλιν</span> 
     </span>
    </p>

    <p class='ocr_par' dir='ltr' id='par_1_8' title="bbox 582 3327 3230 3408">
     <span class='ocr_line' id='line_1_30' title="bbox 582 3327 3230 3408; baseline 0.003 -23"><span class='ocrx_word' id='word_1_275' title='bbox 582 3380 587 3385; x_wconf 90' lang='grc'><em>,</em></span> <span class='ocrx_word' id='word_1_276' title='bbox 646 3328 910 3404; x_wconf 90' lang='grc' dir='ltr'>Ἀθήνας</span> <span class='ocrx_word' id='word_1_277' title='bbox 954 3330 1472 3405; x_wconf 86' lang='grc' dir='ltr'>προςαγορεῦςαι.</span> <span class='ocrx_word' id='word_1_278' title='bbox 1562 3327 1761 3407; x_wconf 88' lang='grc' dir='ltr'>ὀγδόη</span> <span class='ocrx_word' id='word_1_279' title='bbox 1810 3330 2115 3393; x_wconf 91' lang='grc' dir='ltr'>Βοιωτίας</span> <span class='ocrx_word' id='word_1_280' title='bbox 2167 3330 2207 3407; x_wconf 90' lang='grc' dir='ltr'>ἡ</span> <span class='ocrx_word' id='word_1_281' title='bbox 2263 3328 2330 3393; x_wconf 82' lang='grc' dir='ltr'>ἐκ</span> <span class='ocrx_word' id='word_1_282' title='bbox 2385 3332 2496 3405; x_wconf 88' lang='grc' dir='ltr'>τῆς</span> <span class='ocrx_word' id='word_1_283' title='bbox 2554 3328 2773 3406; x_wconf 89' lang='grc' dir='ltr'>λίμνης</span> <span class='ocrx_word' id='word_1_284' title='bbox 2829 3327 3230 3408; x_wconf 85' lang='grc' dir='ltr'>ἀναφανεῖςα</span> 
     </span>
    </p>

    <p class='ocr_par' dir='ltr' id='par_1_9' title="bbox 543 3428 3230 3920">
     <span class='ocr_line' id='line_1_31' title="bbox 543 3428 3228 3512; baseline 0.001 -22"><span class='ocrx_word' id='word_1_285' title='bbox 543 3439 609 3490; x_wconf 84' lang='grc'>30</span> <span class='ocrx_word' id='word_1_286' title='bbox 645 3430 799 3509; x_wconf 89' lang='grc' dir='ltr'>μετὰ</span> <span class='ocrx_word' id='word_1_287' title='bbox 842 3429 917 3492; x_wconf 88' lang='grc' dir='ltr'>τὸ</span> <span class='ocrx_word' id='word_1_288' title='bbox 962 3428 1282 3506; x_wconf 90' lang='grc' dir='ltr'>πρότερον</span> <span class='ocrx_word' id='word_1_289' title='bbox 1328 3428 1769 3507; x_wconf 86' lang='grc' dir='ltr'>ἐπικλυςθῆναι</span> <span class='ocrx_word' id='word_1_290' title='bbox 1814 3433 1926 3507; x_wconf 88' lang='grc' dir='ltr'>τῆς</span> <span class='ocrx_word' id='word_1_291' title='bbox 1976 3431 2340 3512; x_wconf 76' lang='grc' dir='ltr'>Κωπαΐδος,</span> <span class='ocrx_word' id='word_1_292' title='bbox 2400 3430 2504 3493; x_wconf 90' lang='grc' dir='ltr'>ὅτε</span> <span class='ocrx_word' id='word_1_293' title='bbox 2557 3428 2796 3508; x_wconf 90' lang='grc' dir='ltr'>Κράτης</span> <span class='ocrx_word' id='word_1_294' title='bbox 2839 3429 3039 3508; x_wconf 85' lang='grc' dir='ltr'>αὐτὴν</span> <span class='ocrx_word' id='word_1_295' title='bbox 3106 3435 3228 3494; x_wconf 87' lang='grc' dir='ltr'>διε-</span> 
     </span>
     <span class='ocr_line' id='line_1_32' title="bbox 641 3529 3229 3614; baseline 0.001 -21"><span class='ocrx_word' id='word_1_296' title='bbox 641 3531 1014 3610; x_wconf 87' lang='grc' dir='ltr'>τάφρευςεν.</span> <span class='ocrx_word' id='word_1_297' title='bbox 1105 3529 1333 3609; x_wconf 78' lang='grc' dir='ltr'>ἐκλήθη</span> <span class='ocrx_word' id='word_1_298' title='bbox 1389 3532 1459 3595; x_wconf 77' lang='grc' dir='ltr'>δὲ</span> <span class='ocrx_word' id='word_1_299' title='bbox 1514 3530 1731 3614; x_wconf 88' lang='grc' dir='ltr'>πόλις,</span> <span class='ocrx_word' id='word_1_300' title='bbox 1778 3531 1867 3596; x_wconf 89' lang='grc' dir='ltr'>ὥς</span> <span class='ocrx_word' id='word_1_301' title='bbox 1921 3551 2087 3596; x_wconf 89' lang='grc' dir='ltr'>τινες</span> <span class='ocrx_word' id='word_1_302' title='bbox 2141 3532 2256 3610; x_wconf 84' lang='grc' dir='ltr'>μέν</span> <span class='ocrx_word' id='word_1_303' title='bbox 2302 3550 2524 3613; x_wconf 90' lang='grc' dir='ltr'>φαςιν,</span> <span class='ocrx_word' id='word_1_304' title='bbox 2583 3532 2865 3613; x_wconf 88' lang='grc' dir='ltr'>Ἀθῆναι,</span> <span class='ocrx_word' id='word_1_305' title='bbox 2926 3530 3112 3599; x_wconf 86' lang='grc' dir='ltr'>ἄλλοι</span> <span class='ocrx_word' id='word_1_306' title='bbox 3159 3534 3229 3595; x_wconf 78' lang='grc' dir='ltr'>δὲ</span> 
     </span>
     <span class='ocr_line' id='line_1_33' title="bbox 646 3626 3228 3716; baseline 0 -20"><span class='ocrx_word' id='word_1_307' title='bbox 646 3626 1063 3712; x_wconf 85' lang='grc' dir='ltr'>Ὀρχομενός,</span> <span class='ocrx_word' id='word_1_308' title='bbox 1109 3631 1197 3694; x_wconf 90' lang='grc' dir='ltr'>ὥς</span> <span class='ocrx_word' id='word_1_309' title='bbox 1243 3631 1305 3695; x_wconf 76' lang='grc' dir='ltr'>οἱ</span> <span class='ocrx_word' id='word_1_310' title='bbox 1341 3634 1637 3712; x_wconf 84' lang='grc' dir='ltr'>Βοιωτοί.</span> <span class='ocrx_word' id='word_1_311' title='bbox 1725 3632 1852 3696; x_wconf 84' lang='grc' dir='ltr'>ἔςτι</span> <span class='ocrx_word' id='word_1_312' title='bbox 1898 3635 1970 3697; x_wconf 78' lang='grc' dir='ltr'>δὲ</span> <span class='ocrx_word' id='word_1_313' title='bbox 2014 3633 2116 3696; x_wconf 87' lang='grc' dir='ltr'>καὶ</span> <span class='ocrx_word' id='word_1_314' title='bbox 2160 3631 2229 3696; x_wconf 82' lang='grc' dir='ltr'>ἐν</span> <span class='ocrx_word' id='word_1_315' title='bbox 2274 3639 2366 3716; x_wconf 78' lang='grc' dir='ltr'>τῷ</span> <span class='ocrx_word' id='word_1_316' title='bbox 2408 3633 2678 3716; x_wconf 82' lang='grc' dir='ltr'>Εὐξείνῳ</span> <span class='ocrx_word' id='word_1_317' title='bbox 2722 3632 2943 3715; x_wconf 82' lang='grc' dir='ltr'>πόντῳ</span> <span class='ocrx_word' id='word_1_318' title='bbox 2989 3635 3228 3711; x_wconf 90' lang='grc' dir='ltr'>χωρίον</span> 
     </span>
     <span class='ocr_line' id='line_1_34' title="bbox 644 3718 3228 3821; baseline -0 -24"><span class='ocrx_word' id='word_1_319' title='bbox 644 3718 896 3808; x_wconf 77' lang='grc' dir='ltr'>Ἀθῆναι</span> <span class='ocrx_word' id='word_1_320' title='bbox 911 3781 929 3813; x_wconf 91' lang='grc'>,</span> <span class='ocrx_word' id='word_1_321' title='bbox 978 3732 1068 3798; x_wconf 83' lang='grc' dir='ltr'>ὼς</span> <span class='ocrx_word' id='word_1_322' title='bbox 1113 3732 1439 3811; x_wconf 92' lang='grc' dir='ltr'>Ἀρριανός</span> <span class='ocrx_word' id='word_1_323' title='bbox 1485 3730 1754 3818; x_wconf 83' lang='lat' dir='ltr'>(Peripl.</span> <span class='ocrx_word' id='word_1_324' title='bbox 1802 3732 1874 3794; x_wconf 90' lang='lat' dir='ltr'>P.</span> <span class='ocrx_word' id='word_1_325' title='bbox 1923 3732 2095 3796; x_wconf 80' lang='lat' dir='ltr'><strong>Eux.</strong></span> <span class='ocrx_word' id='word_1_326' title='bbox 2143 3734 2327 3819; x_wconf 89' lang='lat' dir='ltr'>p.-3).</span> <span class='ocrx_word' id='word_1_327' title='bbox 2415 3734 2759 3821; x_wconf 84' lang='grc' dir='ltr'>ἀνθρήνη</span> <span class='ocrx_word' id='word_1_328' title='bbox 2805 3733 2980 3799; x_wconf 82' lang='grc' dir='ltr'>εἶδος</span> <span class='ocrx_word' id='word_1_329' title='bbox 3026 3733 3228 3813; x_wconf 88' lang='grc' dir='ltr'>μελίτ-</span> 
     </span>
     <span class='ocr_line' id='line_1_35' title="bbox 643 3833 3230 3920; baseline 0 -22"><span class='ocrx_word' id='word_1_330' title='bbox 643 3854 785 3915; x_wconf 89' lang='grc' dir='ltr'>της,</span> <span class='ocrx_word' id='word_1_331' title='bbox 836 3833 1188 3912; x_wconf 90' lang='grc' dir='ltr'>Μεςςήνη</span> <span class='ocrx_word' id='word_1_332' title='bbox 1233 3836 1336 3898; x_wconf 87' lang='grc' dir='ltr'>καὶ</span> <span class='ocrx_word' id='word_1_333' title='bbox 1380 3835 1559 3912; x_wconf 86' lang='grc' dir='ltr'>χώρα</span> <span class='ocrx_word' id='word_1_334' title='bbox 1604 3833 1705 3897; x_wconf 82' lang='grc' dir='ltr'>καὶ</span> <span class='ocrx_word' id='word_1_335' title='bbox 1749 3834 1951 3898; x_wconf 91' lang='grc' dir='ltr'>πόλις.</span> <span class='ocrx_word' id='word_1_336' title='bbox 2043 3835 2341 3916; x_wconf 81' lang='grc' dir='ltr'>(τράβων</span> <span class='ocrx_word' id='word_1_337' title='bbox 2402 3835 2603 3919; x_wconf 88' lang='grc' dir='ltr'>ὀγδόῃ</span> <span class='ocrx_word' id='word_1_338' title='bbox 2652 3834 2740 3920; x_wconf 86' lang='lat' dir='ltr'>(p.</span> <span class='ocrx_word' id='word_1_339' title='bbox 2788 3835 2960 3919; x_wconf 72' lang='lat'>342).</span> <span class='ocrx_word' id='word_1_340' title='bbox 3051 3837 3230 3914; x_wconf 88' lang='grc' dir='ltr'>χώρα</span> 
     </span>
    </p>

    <p class='ocr_par' dir='ltr' id='par_1_10' title="bbox 542 3935 3308 4020">
     <span class='ocr_line' id='line_1_36' title="bbox 542 3935 3308 4020; baseline 0.002 -25"><span class='ocrx_word' id='word_1_341' title='bbox 542 3946 608 3996; x_wconf 81' lang='lat'>35</span> <span class='ocrx_word' id='word_1_342' title='bbox 646 3937 716 4000; x_wconf 77' lang='grc' dir='ltr'>δὲ</span> <span class='ocrx_word' id='word_1_343' title='bbox 775 3935 1088 4013; x_wconf 86' lang='grc' dir='ltr'>Μεςςηνία</span> <span class='ocrx_word' id='word_1_344' title='bbox 1141 3936 1240 3999; x_wconf 88' lang='grc' dir='ltr'>καὶ</span> <span class='ocrx_word' id='word_1_345' title='bbox 1291 3936 1499 4013; x_wconf 89' lang='grc' dir='ltr'>Μέςςη</span> <span class='ocrx_word' id='word_1_346' title='bbox 1556 3937 1714 3999; x_wconf 86' lang='grc' dir='ltr'>κατὰ</span> <span class='ocrx_word' id='word_1_347' title='bbox 1768 3935 2113 4015; x_wconf 83' lang='grc' dir='ltr'>ἀποκοπὴν</span> <span class='ocrx_word' id='word_1_348' title='bbox 2167 3938 2206 4015; x_wconf 88' lang='grc' dir='ltr'>ἢ</span> <span class='ocrx_word' id='word_1_349' title='bbox 2265 3936 2438 4015; x_wconf 88' lang='grc' dir='ltr'>Μέςη</span> <span class='ocrx_word' id='word_1_350' title='bbox 2499 3938 2844 4020; x_wconf 91' lang='grc' dir='ltr'>Μεςήνη,</span> <span class='ocrx_word' id='word_1_351' title='bbox 2900 3937 2988 4002; x_wconf 87' lang='grc' dir='ltr'>ὥς</span> <span class='ocrx_word' id='word_1_352' title='bbox 3045 3957 3226 4003; x_wconf 87' lang='grc' dir='ltr'>τινες.</span> <span class='ocrx_word' id='word_1_353' title='bbox 3301 3953 3308 3959; x_wconf 84' lang='grc'>·</span> 
     </span>
    </p>
   </div>
   <div class='ocr_carea' id='block_1_3' title="bbox 642 4223 3229 4831">
    <p class='ocr_par' dir='ltr' id='par_1_11' title="bbox 642 4223 3229 4831">
     <span class='ocr_line' id='line_1_37' title="bbox 643 4223 3227 4290; baseline 0 -13"><span class='ocrx_word' id='word_1_354' title='bbox 643 4224 912 4289; x_wconf 88' lang='grc' dir='ltr'>Εἰδομενή</span> <span class='ocrx_word' id='word_1_355' title='bbox 1041 4226 1144 4276; x_wconf 79' lang='lat' dir='ltr'>tita</span> <span class='ocrx_word' id='word_1_356' title='bbox 1190 4228 1334 4275; x_wconf 82' lang='lat' dir='ltr'><strong>sunt.</strong></span> <span class='ocrx_word' id='word_1_357' title='bbox 1410 4224 1632 4283; x_wconf 78' lang='lat' dir='ltr'><strong>Diserte</strong></span> <span class='ocrx_word' id='word_1_358' title='bbox 1678 4242 1728 4290; x_wconf 88' lang='lat' dir='ltr'>p.</span> <span class='ocrx_word' id='word_1_359' title='bbox 1766 4227 1861 4287; x_wconf 82' lang='lat'>59,</span> <span class='ocrx_word' id='word_1_360' title='bbox 1908 4228 1940 4276; x_wconf 79' lang='grc' dir='ltr'>ὅ</span> <span class='ocrx_word' id='word_1_361' title='bbox 1994 4225 2216 4275; x_wconf 80' lang='lat' dir='ltr'>dieitur:</span> <span class='ocrx_word' id='word_1_362' title='bbox 2268 4224 2626 4288; x_wconf 85' lang='grc' dir='ltr'>Ἀκεςαμεναί</span> <span class='ocrx_word' id='word_1_363' title='bbox 2681 4224 2758 4278; x_wconf 83' lang='grc' dir='ltr'>ὡς</span> <span class='ocrx_word' id='word_1_364' title='bbox 2809 4223 3227 4289; x_wconf 47' lang='grc' dir='ltr'>’,Αλαλκομεναῄ</span> 
     </span>
     <span class='ocr_line' id='line_1_38' title="bbox 642 4292 3228 4359; baseline -0.001 -13"><span class='ocrx_word' id='word_1_365' title='bbox 642 4293 1001 4355; x_wconf 81' lang='grc' dir='ltr'>Κλαζομενα.</span> <span class='ocrx_word' id='word_1_366' title='bbox 1072 4292 1180 4343; x_wconf 78' lang='lat' dir='ltr'>Sed</span> <span class='ocrx_word' id='word_1_367' title='bbox 1218 4292 1431 4344; x_wconf 85' lang='lat' dir='ltr'>urbium</span> <span class='ocrx_word' id='word_1_368' title='bbox 1468 4299 1683 4344; x_wconf 83' lang='lat' dir='ltr'><strong>tantum</strong></span> <span class='ocrx_word' id='word_1_369' title='bbox 1719 4294 1938 4344; x_wconf 82' lang='lat' dir='ltr'>nomina</span> <span class='ocrx_word' id='word_1_370' title='bbox 1984 4295 2397 4359; x_wconf 79' lang='lat' dir='ltr'>participiorum</span> <span class='ocrx_word' id='word_1_371' title='bbox 2443 4295 2644 4345; x_wconf 81' lang='lat' dir='ltr'>similia</span> <span class='ocrx_word' id='word_1_372' title='bbox 2691 4300 2975 4345; x_wconf 82' lang='lat' dir='ltr'><strong>accentum</strong></span> <span class='ocrx_word' id='word_1_373' title='bbox 3021 4294 3078 4344; x_wconf 85' lang='lat' dir='ltr'>in</span> <span class='ocrx_word' id='word_1_374' title='bbox 3125 4294 3228 4343; x_wconf 86' lang='lat' dir='ltr'>fine</span> 
     </span>
     <span class='ocr_line' id='line_1_39' title="bbox 643 4360 3228 4424; baseline 0 -13"><span class='ocrx_word' id='word_1_375' title='bbox 643 4362 847 4413; x_wconf 78' lang='lat' dir='ltr'><strong>habero</strong></span> <span class='ocrx_word' id='word_1_376' title='bbox 885 4361 1169 4422; x_wconf 78' lang='lat' dir='ltr'>videntur,</span> <span class='ocrx_word' id='word_1_377' title='bbox 1212 4376 1340 4410; x_wconf 80' lang='lat' dir='ltr'>nam</span> <span class='ocrx_word' id='word_1_378' title='bbox 1389 4361 1455 4412; x_wconf 84' lang='lat' dir='ltr'>(le</span> <span class='ocrx_word' id='word_1_379' title='bbox 1493 4360 1785 4424; x_wconf 80' lang='grc' dir='ltr'>Δεξαμένη</span> <span class='ocrx_word' id='word_1_380' title='bbox 1832 4363 2050 4412; x_wconf 79' lang='lat' dir='ltr'>nomine</span> <span class='ocrx_word' id='word_1_381' title='bbox 2087 4363 2336 4412; x_wconf 79' lang='lat' dir='ltr'>Nereidis</span> <span class='ocrx_word' id='word_1_382' title='bbox 2383 4364 2620 4413; x_wconf 80' lang='lat' dir='ltr'>traditur</span> <span class='ocrx_word' id='word_1_383' title='bbox 2664 4364 2722 4413; x_wconf 90' lang='lat' dir='ltr'>in</span> <span class='ocrx_word' id='word_1_384' title='bbox 2759 4362 2936 4414; x_wconf 77' lang='lat' dir='ltr'>Schol.</span> <span class='ocrx_word' id='word_1_385' title='bbox 2974 4364 3018 4413; x_wconf 88' lang='lat' dir='ltr'>B</span> <span class='ocrx_word' id='word_1_386' title='bbox 3056 4361 3125 4411; x_wconf 80' lang='lat' dir='ltr'>ad</span> <span class='ocrx_word' id='word_1_387' title='bbox 3163 4362 3228 4412; x_wconf 92' lang='lat'>11.</span> 
     </span>
     <span class='ocr_line' id='line_1_40' title="bbox 644 4418 3227 4496; baseline -0 -15"><span class='ocrx_word' id='word_1_388' title='bbox 644 4427 683 4481; x_wconf 75' lang='lat' dir='ltr'>C</span> <span class='ocrx_word' id='word_1_389' title='bbox 718 4433 806 4479; x_wconf 78' lang='lat'>44:</span> <span class='ocrx_word' id='word_1_390' title='bbox 853 4427 1170 4494; x_wconf 82' lang='grc' dir='ltr'>Δεξαμένη·</span> <span class='ocrx_word' id='word_1_391' title='bbox 1216 4429 1365 4480; x_wconf 82' lang='grc' dir='ltr'>τινὲς</span> <span class='ocrx_word' id='word_1_392' title='bbox 1412 4418 1699 4481; x_wconf 66' lang='grc' dir='ltr'>ὀξυτόθως</span> <span class='ocrx_word' id='word_1_393' title='bbox 1744 4428 1830 4480; x_wconf 84' lang='grc' dir='ltr'>διὰ</span> <span class='ocrx_word' id='word_1_394' title='bbox 1875 4429 1944 4480; x_wconf 89' lang='grc' dir='ltr'>τὸ</span> <span class='ocrx_word' id='word_1_395' title='bbox 1989 4429 2339 4496; x_wconf 79' lang='grc' dir='ltr'>Δεξαμενὸς,</span> <span class='ocrx_word' id='word_1_396' title='bbox 2386 4430 2768 4482; x_wconf 87' lang='grc' dir='ltr'>ἀντιτάςςεται</span> <span class='ocrx_word' id='word_1_397' title='bbox 2815 4430 2876 4482; x_wconf 78' lang='grc' dir='ltr'>δὲ</span> <span class='ocrx_word' id='word_1_398' title='bbox 2921 4428 3115 4481; x_wconf 82' lang='grc' dir='ltr'>αὐτοῖς</span> <span class='ocrx_word' id='word_1_399' title='bbox 3159 4428 3227 4480; x_wconf 88' lang='grc' dir='ltr'>τὸ</span> 
     </span>
     <span class='ocr_line' id='line_1_41' title="bbox 644 4494 3227 4564; baseline -0.001 -16"><span class='ocrx_word' id='word_1_400' title='bbox 644 4496 870 4548; x_wconf 87' lang='grc' dir='ltr'>Δαναός</span> <span class='ocrx_word' id='word_1_401' title='bbox 906 4494 1104 4561; x_wconf 85' lang='grc' dir='ltr'>Δανάη</span> <span class='ocrx_word' id='word_1_402' title='bbox 1143 4498 1233 4548; x_wconf 81' lang='grc' dir='ltr'>καὶ</span> <span class='ocrx_word' id='word_1_403' title='bbox 1269 4496 1524 4548; x_wconf 88' lang='grc' dir='ltr'>κολωνός</span> <span class='ocrx_word' id='word_1_404' title='bbox 1561 4497 1802 4561; x_wconf 88' lang='grc' dir='ltr'>κολώνη.</span> <span class='ocrx_word' id='word_1_405' title='bbox 1979 4499 2012 4547; x_wconf 87' lang='lat' dir='ltr'>l.</span> <span class='ocrx_word' id='word_1_406' title='bbox 2053 4502 2113 4549; x_wconf 86' lang='lat'>13</span> <span class='ocrx_word' id='word_1_407' title='bbox 2151 4497 2320 4564; x_wconf 81' lang='grc' dir='ltr'>Ῥήνη</span> <span class='ocrx_word' id='word_1_408' title='bbox 2368 4499 2584 4564; x_wconf 79' lang='lat' dir='ltr'>explevi</span> <span class='ocrx_word' id='word_1_409' title='bbox 2623 4516 2688 4549; x_wconf 79' lang='lat' dir='ltr'>ex</span> <span class='ocrx_word' id='word_1_410' title='bbox 2728 4500 2805 4549; x_wconf 84' lang='lat' dir='ltr'>St.</span> <span class='ocrx_word' id='word_1_411' title='bbox 2841 4500 2932 4561; x_wconf 57' lang='lat' dir='ltr'>B„</span> <span class='ocrx_word' id='word_1_412' title='bbox 2970 4496 3121 4562; x_wconf 83' lang='grc' dir='ltr'>(ήνη</span> <span class='ocrx_word' id='word_1_413' title='bbox 3161 4513 3227 4546; x_wconf 84' lang='lat' dir='ltr'>ox</span> 
     </span>
     <span class='ocr_line' id='line_1_42' title="bbox 644 4564 3229 4631; baseline 0 -18"><span class='ocrx_word' id='word_1_414' title='bbox 644 4564 859 4626; x_wconf 78' lang='lat' dir='ltr'><strong>eodem,</strong></span> <span class='ocrx_word' id='word_1_415' title='bbox 914 4564 985 4614; x_wconf 82' lang='lat' dir='ltr'>ad</span> <span class='ocrx_word' id='word_1_416' title='bbox 1038 4564 1193 4630; x_wconf 88' lang='grc' dir='ltr'>φήνη</span> <span class='ocrx_word' id='word_1_417' title='bbox 1246 4565 1439 4615; x_wconf 81' lang='lat' dir='ltr'>addidi</span> <span class='ocrx_word' id='word_1_418' title='bbox 1490 4568 1661 4615; x_wconf 77' lang='lat' dir='ltr'>verba</span> <span class='ocrx_word' id='word_1_419' title='bbox 1705 4567 2000 4617; x_wconf 78' lang='lat' dir='ltr'>Homerica</span> <span class='ocrx_word' id='word_1_420' title='bbox 2046 4582 2112 4616; x_wconf 81' lang='lat' dir='ltr'>ex</span> <span class='ocrx_word' id='word_1_421' title='bbox 2159 4569 2305 4617; x_wconf 88' lang='lat' dir='ltr'><strong>Mon.</strong></span> <span class='ocrx_word' id='word_1_422' title='bbox 2344 4569 2433 4627; x_wconf 79' lang='lat'>16,</span> <span class='ocrx_word' id='word_1_423' title='bbox 2480 4572 2570 4627; x_wconf 76' lang='lat'>303</span> <span class='ocrx_word' id='word_1_424' title='bbox 2628 4566 2804 4631; x_wconf 89' lang='grc' dir='ltr'>κρήνη</span> <span class='ocrx_word' id='word_1_425' title='bbox 2859 4584 2926 4617; x_wconf 75' lang='lat' dir='ltr'>ex</span> <span class='ocrx_word' id='word_1_426' title='bbox 2969 4566 3117 4615; x_wconf 87' lang='lat' dir='ltr'>Mon.</span> <span class='ocrx_word' id='word_1_427' title='bbox 3172 4570 3229 4614; x_wconf 82' lang='lat' dir='ltr'>et</span> 
     </span>
     <span class='ocr_line' id='line_1_43' title="bbox 645 4631 3227 4701; baseline 0 -21"><span class='ocrx_word' id='word_1_428' title='bbox 645 4631 888 4696; x_wconf 78' lang='lat' dir='ltr'><strong>Theogn.</strong></span> <span class='ocrx_word' id='word_1_429' title='bbox 928 4634 1040 4689; x_wconf 86' lang='lat'><strong>113,</strong></span> <span class='ocrx_word' id='word_1_430' title='bbox 1076 4637 1126 4693; x_wconf 86' lang='lat'>4,</span> <span class='ocrx_word' id='word_1_431' title='bbox 1165 4632 1310 4696; x_wconf 88' lang='grc' dir='ltr'>μήνη</span> <span class='ocrx_word' id='word_1_432' title='bbox 1350 4639 1415 4682; x_wconf 74' lang='lat' dir='ltr'>&#39;ox</span> <span class='ocrx_word' id='word_1_433' title='bbox 1450 4633 1673 4695; x_wconf 80' lang='lat' dir='ltr'>iisdem,</span> <span class='ocrx_word' id='word_1_434' title='bbox 1722 4631 1866 4697; x_wconf 90' lang='grc' dir='ltr'>χήνη</span> <span class='ocrx_word' id='word_1_435' title='bbox 1905 4661 1967 4669; x_wconf 86' lang='lat'>—-</span> <span class='ocrx_word' id='word_1_436' title='bbox 2005 4632 2161 4699; x_wconf 86' lang='grc' dir='ltr'>Λὴνη</span> <span class='ocrx_word' id='word_1_437' title='bbox 2210 4651 2276 4685; x_wconf 79' lang='lat' dir='ltr'>ex</span> <span class='ocrx_word' id='word_1_438' title='bbox 2312 4634 2587 4700; x_wconf 75' lang='lat' dir='ltr'><strong>&#39;l&#39;heogn.‚</strong></span> <span class='ocrx_word' id='word_1_439' title='bbox 2635 4634 2788 4701; x_wconf 86' lang='grc' dir='ltr'>Βήνη</span> <span class='ocrx_word' id='word_1_440' title='bbox 2836 4651 2904 4685; x_wconf 81' lang='lat' dir='ltr'>ex</span> <span class='ocrx_word' id='word_1_441' title='bbox 2939 4634 3019 4685; x_wconf 81' lang='lat' dir='ltr'>St.</span> <span class='ocrx_word' id='word_1_442' title='bbox 3054 4635 3116 4683; x_wconf 93' lang='lat' dir='ltr'>B.</span> <span class='ocrx_word' id='word_1_443' title='bbox 3153 4632 3227 4682; x_wconf 82' lang='lat' dir='ltr'>cf.</span> 
     </span>
     <span class='ocr_line' id='line_1_44' title="bbox 646 4697 3226 4767; baseline 0.001 -21"><span class='ocrx_word' id='word_1_444' title='bbox 646 4698 782 4747; x_wconf 87' lang='lat' dir='ltr'>Lob.</span> <span class='ocrx_word' id='word_1_445' title='bbox 820 4698 987 4748; x_wconf 83' lang='lat' dir='ltr'><strong>Pron.</strong></span> <span class='ocrx_word' id='word_1_446' title='bbox 1025 4703 1119 4749; x_wconf 83' lang='grc'>199</span> <span class='ocrx_word' id='word_1_447' title='bbox 1157 4707 1270 4752; x_wconf 84' lang='lat' dir='ltr'><strong>not.</strong></span> <span class='ocrx_word' id='word_1_448' title='bbox 1309 4703 1389 4763; x_wconf 77' lang='lat'>17,</span> <span class='ocrx_word' id='word_1_449' title='bbox 1430 4697 1635 4766; x_wconf 82' lang='grc' dir='ltr'>(κηναί</span> <span class='ocrx_word' id='word_1_450' title='bbox 1672 4716 1738 4749; x_wconf 80' lang='lat' dir='ltr'>cx</span> <span class='ocrx_word' id='word_1_451' title='bbox 1777 4704 1857 4752; x_wconf 63' lang='lat' dir='ltr'>St.</span> <span class='ocrx_word' id='word_1_452' title='bbox 1893 4704 1956 4752; x_wconf 88' lang='lat' dir='ltr'>B.</span> <span class='ocrx_word' id='word_1_453' title='bbox 2063 4702 2105 4755; x_wconf 88' lang='lat'>1.</span> <span class='ocrx_word' id='word_1_454' title='bbox 2145 4705 2207 4752; x_wconf 82' lang='lat'>19</span> <span class='ocrx_word' id='word_1_455' title='bbox 2248 4700 2453 4767; x_wconf 86' lang='grc' dir='ltr'>Ἀρήνη</span> <span class='ocrx_word' id='word_1_456' title='bbox 2492 4703 2710 4767; x_wconf 79' lang='lat' dir='ltr'>explevi</span> <span class='ocrx_word' id='word_1_457' title='bbox 2745 4718 2814 4753; x_wconf 79' lang='lat' dir='ltr'>ex</span> <span class='ocrx_word' id='word_1_458' title='bbox 2851 4702 2933 4752; x_wconf 82' lang='lat' dir='ltr'>St.</span> <span class='ocrx_word' id='word_1_459' title='bbox 2970 4703 3055 4762; x_wconf 82' lang='lat' dir='ltr'>B.,</span> <span class='ocrx_word' id='word_1_460' title='bbox 3095 4700 3226 4749; x_wconf 79' lang='lat' dir='ltr'>item</span> 
     </span>
     <span class='ocr_line' id='line_1_45' title="bbox 652 4762 1269 4831; baseline 0 -14"><span class='ocrx_word' id='word_1_461' title='bbox 652 4762 856 4829; x_wconf 87' lang='grc' dir='ltr'>Ἀθήνη</span> <span class='ocrx_word' id='word_1_462' title='bbox 895 4771 953 4815; x_wconf 85' lang='lat' dir='ltr'>et</span> <span class='ocrx_word' id='word_1_463' title='bbox 990 4764 1269 4831; x_wconf 88' lang='grc' dir='ltr'>Μεςςήνη.</span> 
     </span>
    </p>
   </div>
   <div class='ocr_carea' id='block_1_4' title="bbox 3647 710 3648 1408">
    <p class='ocr_par' dir='ltr' id='par_1_12' title="bbox 3647 710 3648 1408">
     <span class='ocr_line' id='line_1_46' title="bbox 3647 710 3648 1408; baseline 0 0"><span class='ocrx_word' id='word_1_464' title='bbox 3647 710 3648 1408; x_wconf 95' lang='lat' dir='ltr'> </span> 
     </span>
    </p>
   </div>
  </div>
 </body>
</html>
