3664 5546
652 329 873 378 xxxvl
1733 326 2151 377 PRAEFATIO.

652 505 887 550 vocum
931 481 1379 570 passionibus,
1435 492 1511 547 ut
1566 491 1746 569 patet
1800 505 1887 548 ex
1941 482 2327 568 fragmentis
2372 483 2458 546 cf.
2505 481 2589 546 de
2635 479 2907 548 adverb.
2952 480 3108 562 567,
3159 483 3239 546 15

651 597 715 650 et
757 585 902 650 580.

815 685 985 752 Prae
1040 686 1267 752 ceteris
1326 687 1627 752 omnibus
1673 687 2128 752 Aristarchum
2185 698 2446 753 secutus
2503 697 2603 751 est
2647 685 3104 767 Herodianus,
3162 694 3239 749 ut

651 789 1140 854 accuratissime
1202 788 1513 854 Lehrsius
1588 787 1669 852 de
1738 788 2105 853 Aristarchi
2173 789 2407 853 studiis
2476 799 2540 853 et
2606 788 2673 851 in
2739 787 3236 875 quaestionibus

651 891 852 979 epicis
898 892 1221 977 exposuit.
1313 891 1674 956 Verissime
1718 889 1800 954 de
1844 890 2205 955 Aristarch.
2255 915 2317 977 p.
2352 890 2521 955 256²
2563 900 2698 955 not.
2745 890 3053 955 observat
3097 911 3235 952 sae-

647 994 917 1080 pissime
972 991 1424 1057 Herodianum
1479 992 1544 1055 in
1604 991 1957 1057 Homerica
2011 992 2335 1058 Prosodia
2395 993 2490 1057 sic
2546 1012 2773 1076 agere,
2830 1001 2905 1056 ut
2957 989 3238 1077 primum

650 1093 1006 1161 concedere
1052 1093 1354 1158 videatur
1397 1094 1663 1158 rationi·
1695 1116 1853 1158 sane
1905 1115 2035 1158 non
2092 1094 2411 1159 obscurae
2466 1093 3031 1173 adversariorum,
3086 1091 3238 1155 dein

650 1205 925 1284 quaerat
968 1195 1129 1282 quid
1173 1206 1431 1260 secutus
1479 1196 1564 1258 sit
1608 1194 2066 1277 Aristarchus,
2114 1197 2298 1260 cuius
2353 1195 2768 1283 prudentiam
2812 1204 3240 1281 perspexerat

650 1310 717 1363 et
743 1298 848 1362 cui
877 1295 1233 1385 paradosin
1264 1296 1333 1359 in
1362 1295 1692 1382 plerisque
1723 1297 2186 1362 assentientem
2217 1297 2594 1379 invenerat,
2643 1307 2709 1362 et
2737 1298 2839 1362 his
2869 1296 3060 1384 quasi
3104 1315 3235 1358 cer-

650 1400 924 1464 tioribus
980 1397 1259 1461 ducibus
1318 1397 1722 1483 obtemperet
1779 1408 1842 1462 et
1898 1400 1966 1462 in
2010 1410 2258 1485 quaest.
2318 1420 2419 1485 ep.
2465 1422 2529 1486 p.
2580 1399 2701 1464 118
2758 1398 3029 1463 adnotat
3070 1418 3237 1470 eum,

651 1521 851 1587 quum
896 1500 965 1563 in
1009 1498 1328 1563 Prosodia
1365 1498 1716 1563 Homerica
1760 1499 2103 1587 aliquoties
2161 1511 2349 1564 suum
2393 1501 2764 1565 dissensum
2819 1500 2905 1564 ab
2950 1498 3238 1563 Aristar-

651 1602 814 1665 chea
856 1599 1135 1664 lectione
1179 1599 1366 1687 quasi
1409 1601 1477 1664 in
1523 1623 1637 1664 suo
1682 1622 1884 1684 regno
1929 1611 2221 1685 tueatur,
2279 1604 2347 1667 in
2393 1600 2730 1668 Catholica
2774 1612 2994 1665 tamen
3041 1620 3110 1663 se
3153 1597 3235 1662 ad

651 1702 1148 1767 Aristarcheum
1205 1710 1461 1765 textum
1517 1702 1871 1789 applicare.
1960 1703 2156 1784 Quod
2210 1728 2341 1769 non
2401 1703 2494 1768 sic
2548 1701 3059 1787 intellegendum
3118 1709 3237 1779 est,

652 1805 839 1890 quasi
896 1800 1312 1866 Herodianus
1372 1804 1613 1890 ubique
1669 1805 1737 1866 in
1792 1802 2137 1869 Catholica
2193 1805 2578 1870 Aristarcho
2634 1802 3030 1880 obediverit,
3086 1823 3238 1865 nam

651 1905 767 1969 ubi
810 1903 1156 1989 paradosis
1202 1904 1347 1968 eius
1387 1905 1774 1990 scripturam
1829 1907 1969 1970 iure
2014 1905 2382 1971 deseruisse
2435 1905 2818 1985 videbatur,
2885 1904 3054 1967 hanc
3107 1924 3238 1965 am—

652 2004 885 2092 plexus
953 2013 1055 2068 est
1121 2027 1176 2068 e.
1225 2026 1288 2088 g.
1355 2027 1552 2092 quum
1618 2006 2043 2071 Aristarchus
2111 2008 2356 2088 ἁμαρτή
2423 2015 2746 2094 oxytonos
2813 2004 3238 2076 exhibuisset,

654 2128 820 2193 quae
876 2106 1240 2191 scriptura,
1289 2107 1441 2192 quia
1496 2108 1819 2193 perispasi
1863 2110 2030 2174 ratio
2088 2108 2565 2195 opitulabatur,
2612 2131 2741 2172 non
2799 2107 3115 2186 obtinuit,
3173 2104 3238 2166 in

655 2206 997 2273 Catholica
1040 2207 1315 2292 (Arcad.
1367 2208 1516 2290 183,
1562 2209 1636 2290 6,
1685 2208 1779 2273 Io.
1828 2207 1935 2274 Al.
1981 2210 2097 2292 29,
2148 2210 2254 2296 12)
2301 2212 2545 2295 ἁμαρτῇ
2601 2204 3240 2275 circumflectendam

654 2309 1100 2396 praescripsit.

822 2409 1241 2488 Herodianus
1282 2412 1423 2498 ipse
1466 2431 1664 2497 quum
1699 2434 1890 2477 suum
1937 2412 2018 2477 de
2046 2414 2405 2478 universali
2434 2412 2758 2478 Prosodia
2801 2413 3043 2478 librum
3081 2411 3242 2474 citat

654 2535 933 2600 semper,
979 2522 1053 2577 ιιι
1081 2512 1392 2577 Lehrsius
1423 2513 1921 2596 animadvertit,
1970 2514 2131 2579 dicit
2169 2517 2317 2595 περὶ
2355 2519 2693 2593 καθολικῆς
2733 2513 3132 2598 προςῳδίας,
3171 2511 3242 2574 ἰιι

653 2613 831 2680 Mon.
885 2614 1003 2696 34,
1058 2615 1098 2678 8
1153 2618 1300 2694 περὶ
1352 2618 1859 2697 καθολικωτέρας
1915 2618 2304 2700 προςωδίας;
2373 2616 2456 2680 ab
2513 2615 2659 2679 aliis
2714 2613 3242 2699 frequentissime

652 2727 924 2783 vocatur
966 2718 1006 2796 ἡ
1050 2717 1360 2802 καθόλου,
1404 2739 1445 2780 a
1474 2716 1929 2803 Theognosto,
1963 2717 2446 2800 Choerobosco,
2480 2716 2840 2803 Stephano,
2886 2714 2999 2803 qui
3044 2713 3244 2782 etiam

653 2817 994 2905 pluraliter
1036 2819 1108 2884 ἐν
1150 2822 1290 2884 ταῖς
1333 2820 1617 2886 καθόλου
1646 2824 2033 2908 προςῳδίαις
2078 2842 2142 2905 p.
2172 2820 2320 2901 282,
2351 2820 2393 2882 2
2438 2819 2632 2901 dicit,
2680 2818 2764 2883 ab
2809 2817 3055 2882 Ioanne
3087 2814 3241 2881 Ale·

652 2921 979 2986 xandrino
998 2969 1017 3001 ,
1066 2942 1106 2984 a
1146 2941 1275 3007 quo
1320 2919 1628 2985 laudatur
1656 2923 1853 2985 etiam
1885 2923 2279 3001 Ἡρωδιανὸς
2311 2922 2383 2987 ἐν
2427 2929 2502 3005 τῇ
2532 2922 2815 2987 καθόλου
2845 2919 3241 3002 πραγματείᾳ

653 3023 727 3105 6,
772 3024 875 3087 36.
979 3019 1362 3085 Eustathius
1419 3019 1718 3105 plurimis
1775 3020 1937 3086 locis
1992 3022 2197 3087 utitur
2250 3022 2439 3087 titulo
2494 3024 2533 3101 ἡ
2592 3022 2832 3102 μεγάλη
2889 3020 3239 3106 προςῳδία,

655 3144 782 3209 quo
827 3145 957 3186 non
1002 3122 1335 3187 diversum
1380 3143 1419 3184 a
1463 3125 1763 3207 καθολικῇ
1807 3124 2171 3209 προςῳδίᾳ,
2217 3133 2290 3187 ιιι
2333 3123 2588 3210 opinari
2618 3120 2882 3187 videtur
2925 3120 2990 3185 la
3019 3119 3241 3185 Rochc

657 3222 850 3287 Hom.
895 3220 1358 3285 Texteskritik
1402 3243 1468 3307 p.
1520 3223 1672 3302 164,
1730 3222 1849 3287 sed
1906 3222 2184 3287 eundem
2239 3222 2480 3289 librum
2536 3222 2885 3307 significat.
2986 3220 3239 3286 Eadem

658 3322 998 3409 inscriptio
1072 3324 1270 3386 etiam
1341 3344 1381 3385 a
1446 3322 1881 3389 Constantino
1946 3325 2216 3389 Lascari
2284 3326 2548 3411 epitom.
2612 3323 2762 3389 libr.
2818 3323 2990 3387 XVI
3052 3344 3238 3386 usur-

659 3434 872 3511 patur.
933 3423 1143 3510 Saepe
1184 3424 1422 3488 citatur
1463 3435 1678 3490 certus
1725 3425 1991 3511 quidam
2037 3425 2203 3492 liber
2232 3426 2456 3492 addito
2501 3430 2704 3491 totius
2736 3426 2946 3511 operis
2980 3424 3239 3489 nomine

662 3547 717 3589 e.
765 3547 830 3609 g.
876 3523 973 3590 St.
1021 3524 1097 3587 Β.
1142 3523 1265 3589 247
1285 3573 1301 3606 ,
1355 3526 1432 3588 14
1486 3526 1558 3593 ἐν
1614 3534 1706 3613 τῷ
1762 3528 1822 3592 α’
1875 3531 1987 3605 τῆς
2046 3530 2326 3594 καθόλου
2380 3526 2488 3593 vel
2531 3528 2731 3592 etiarn
2786 3528 3024 3591 omisso
3071 3548 3127 3589 e.
3173 3546 3237 3609 g.

664 3626 759 3722 St.
805 3625 882 3689 B.
928 3626 1029 3705 33,
1082 3625 1160 3687 12
1203 3628 1596 3706 Ἡρωδιανὸς
1640 3629 1713 3695 ἐν
1758 3629 2071 3714 τετάρτῳ,
2130 3650 2325 3715 saepe
2378 3630 2709 3716 profertur
2766 3628 2963 3693 etiam
3017 3627 3238 3691 termi-

662 3726 873 3807 natio,
919 3726 1041 3789 sub
1086 3748 1215 3813 qua
1260 3726 1340 3790 de
1384 3728 1703 3793 vocabulo
1748 3729 1968 3816 aliquo
2014 3730 2232 3814 agitur
2276 3752 2331 3794 e.
2379 3750 2442 3815 g.
2490 3729 2586 3795 St.
2634 3729 2711 3792 B.
2755 3728 2861 3810 26,
2907 3728 2994 3791 20
3035 3729 3238 3808 Ἡρω-

663 3828 883 3894 διανὸς
924 3828 997 3894 ἐν
1038 3831 1177 3894 τοῖς
1231 3829 1320 3893 εἰς
1367 3815 1469 3895 ᾗ
1501 3837 1594 3915 τῷ
1640 3833 1696 3891 ὢ
1750 3864 1839 3878 —-
1888 3832 2472 3914 παραληγομένοις,
2530 3831 2792 3916 saepius
2850 3830 3048 3894 etiam
3104 3829 3238 3892 lau-

663 3926 857 3992 datur
899 3925 1079 3992 locus
1124 3929 1220 3992 sic
1263 3939 1338 3992 ut
1380 3929 1646 4016 aliquod
1687 3932 2113 4018 praecipuum
2156 3930 2585 4012 vocabulum,
2645 3930 2820 4017 quod
2862 3930 2958 3995 ibi
3001 3938 3241 3996 tracta-

660 4029 892 4110 batur,
937 4029 1306 4094 nominetur
1334 4052 1390 4095 e.
1419 4052 1483 4115 g.
1519 4031 1604 4095 ab
1632 4032 1777 4118 ipso
1809 4031 2186 4098 Herodiano
2227 4032 2293 4095 in
2323 4033 2401 4097 Il.
2436 4031 2544 4095 Pr.
2576 4033 2629 4097 O
2659 4031 2787 4094 309
2830 4032 3236 4112 ἀμφιδάςεια;

662 4129 901 4209 εἴρηται
946 4131 1018 4195 ἐν
1060 4137 1153 4215 τῷ
1197 4133 1342 4210 περὶ
1383 4137 1500 4198 τοῦ
1543 4133 1862 4212 ἠριγένεια
1905 4135 1949 4198 i.
1996 4156 2051 4198 e.
2099 4132 2454 4198 Prosodiae
2498 4130 2876 4198 Catholicae
2920 4131 3068 4197 libr.
3111 4132 3238 4214 XI,

662 4232 748 4296 ab
793 4230 1142 4295 Eustathio
1186 4229 1272 4295 ad
1315 4230 1393 4296 11.
1443 4232 1497 4296 Ω
1540 4233 1624 4297 60
1665 4255 1729 4319 p.
1780 4235 1973 4317 1339,
2023 4234 2103 4297 19
2158 4235 2228 4299 ἐν
2273 4239 2410 4300 τοῖς
2453 4235 2597 4312 περὶ
2650 4236 3044 4314 τροφαλίδος
3088 4235 3242 4314 φηςὶ

667 4331 785 4416 (sc.
832 4332 1255 4418 Ἡρωδιανὸς)
1300 4330 1343 4395 i.
1389 4356 1444 4396 e.
1490 4332 1870 4399 Catholicae
1915 4335 2082 4400 libro
2127 4334 2241 4399 IV.

832 4431 939 4496 Ex
982 4433 1123 4499 vita
1164 4432 1265 4518 (1)
1308 4435 1739 4520 comperimus
1785 4435 2119 4522 prooemio
2163 4435 2248 4498 ad
2289 4435 2588 4500 Marcum
2631 4435 2990 4522 praemisso
3033 4433 3241 4500 Hero-

663 4532 926 4598 dianum
957 4532 1256 4621 posuisse
1284 4533 1724 4600 definitionem
1754 4536 2108 4602 Prosodiae
2137 4545 2465 4601 servatam
2495 4537 2564 4599 in
2596 4536 2812 4601 Schol.
2845 4534 2929 4601 ad
2959 4537 3239 4622 Dionys.

664 4631 879 4698 Bekk.
926 4635 1180 4700 Anecd.
1223 4633 1371 4716 676,
1421 4637 1532 4717 16,
1578 4658 1744 4722 quae
1799 4648 1866 4703 et
1919 4637 2067 4724 ipsa
2122 4638 2251 4703 fuit
2293 4659 2447 4723 pars
2502 4639 2819 4724 prooemii
2877 4639 2998 4703 toti
3056 4638 3242 4723 operi

663 4735 964 4821 praefixi.
1003 4752 1009 4758 ·
1048 4735 1225 4801 Huic
1264 4734 1628 4800 definitioni
1682 4737 2099 4804 subiunctam
2141 4738 2347 4802 fuisse
2402 4738 2905 4824 explicationem
2961 4737 3240 4805 similem
