3664 5546
590 374 710 437 198
1522 372 1604 427 ΕΚ
1642 371 1782 427 ΤΩΝ
1825 369 2236 425 ΗΡΩΔΙΑΝΟΥ

752 543 847 609 Τὰ
900 544 988 609 εἰς
1030 548 1147 625 ῥ’ὃῖ
1203 545 1367 623 ὑπὲρ
1421 543 1540 609 δύο
1597 543 1913 625 ςυλλαβὰς
1971 543 2468 624 παραληγόμενα
2520 551 2597 628 τῇ
2655 546 2710 608 ὅ
2754 543 3088 628 διφθόγγῳ
3133 544 3172 622 ἢ

583 647 762 729 μόνῳ
816 653 910 732 τῷ
954 651 987 711 ἶ
1041 648 1434 732 ἐκτεταμένῳ
1491 648 1858 730 βαρύνεται,
1929 646 2310 726 Κάμειρος
2373 647 2449 712 τὸ
2505 646 2728 726 κύριον
2781 682 2868 692 -
2921 646 3046 711 ἔςτι
3102 647 3172 710 δὲ

583 752 735 813 παῖς
783 749 1122 830 Κερκάφου
1176 754 1292 815 τοῦ
1337 749 1642 814 Ἡλιάδου
1696 749 1801 814 καὶ
1849 749 2171 828 Κυδίππης
2213 784 2299 794 ——
2343 748 2449 813 διὰ
2496 750 2888 831 διφθόγγου,
2947 748 3172 828 Κάμι-

584 871 719 929 ρος
765 853 838 915 δὲ
882 851 1069 916 πόλις
1112 851 1183 916 ἐν
1228 850 1434 936 Ῥόδῳ
1492 851 1597 916 διὰ
1652 855 1770 915 τοῦ
1813 853 1849 914 ἶ
1906 851 2180 917 «Λίνδον
2225 850 2503 931 Ἰήλυςόν
2547 871 2616 916 τε
2671 852 2773 915 καὶ
2821 851 3176 931 ἠνεμόεντα

523 963 555 1014 5
590 953 909 1033 Κάμιρον»
979 950 1087 1035 (Il.
1132 954 1178 1017 Β
1218 951 1389 1035 656).
1456 954 1814 1033 ἤπειρος,
1875 953 2251 1034 Κάβειρα(
2315 952 2502 1017 πόλις
2562 957 2675 1032 τῆς
2729 952 2900 1018 κάτω
2956 952 3174 1017 ’Atiae

582 1056 737 1121 τοὺς
781 1057 852 1119 δὲ
897 1056 1203 1135 δαίμονας
1252 1055 1591 1136 Καβείρους
1647 1055 1684 1120 6
1729 1056 2022 1122 Ἀλεξίων
2078 1057 2184 1121 διὰ
2237 1060 2355 1122 τοῦ
2398 1059 2461 1139 ἶ,
2509 1056 2812 1121 ὼςαύτως
2868 1057 2940 1120 δὲ
2985 1055 3175 1120 Φιλό-

584 1164 784 1224 ξενος.
871 1157 910 1235 ἡ
966 1158 1038 1222 δὲ
1081 1157 1429 1236 παράδοςις
1474 1159 1832 1239 δίφθογγον
1889 1158 2020 1238 ἔχει
2077 1159 2181 1224 καὶ
2220 1157 2371 1224 ἴςως
2427 1158 2775 1238 ςυνέδραμε
2829 1164 2921 1243 τῷ
2966 1158 3177 1238 μάγει-

587 1280 731 1341 ρος,
777 1258 1089 1343 αἴγειρος,
1135 1261 1471 1343 πέπειρος,
1517 1260 1787 1340 ὄνειρος.
1842 1263 2254 1341 Ἄνδειρος
2297 1261 2506 1341 ὄνομα
2536 1264 2865 1344 ποταμοῦ,
2916 1261 3176 1326 Κόνει-

588 1382 723 1441 ρος
769 1361 977 1441 ὄνομα
1021 1361 1286 1445 ἔθνους,
1332 1361 1681 1445 ὄνειρος,
1726 1363 2141 1447 πέπειρος,
2199 1363 2573 1445 μάγειρος
2628 1364 2805 1442 παρὰ
2846 1364 2922 1429 τὸ
2969 1362 3178 1442 μάςςω

489 1473 552 1524 10
588 1466 626 1529 6
671 1465 784 1529 τὰς
830 1464 1026 1545 μάζας
1072 1469 1318 1545 φυρῶν.
1383 1463 1632 1529 Αἰολεῖς
1678 1467 1751 1531 δὲ
1808 1467 1915 1531 διὰ
1967 1468 2085 1530 τοῦ
2128 1460 2177 1529 ἶ.
2251 1465 2614 1546 αἴγειρος
2669 1466 2774 1531 διὰ
2819 1466 3178 1546 διφθόγγου

589 1569 668 1631 τὰ
714 1567 850 1631 δύο.
925 1566 1181 1646 εὕρηται
1225 1568 1348 1646 γὰρ
1395 1569 1497 1632 καὶ
1539 1569 1733 1647 χωρὶς
1776 1572 1894 1633 τοί)
1937 1572 1969 1632 ῖ
2013 1567 2159 1633 οἷον
2207 1569 2350 1634 «καὶ
2393 1568 2668 1648 αἰγέρων
2712 1568 2959 1649 ἔφυςαν
3003 1568 3180 1644 εὐγε-

590 1670 917 1746 νέςτεραι»
975 1670 1077 1733 καὶ
1132 1670 1290 1734 κατὰ
1362 1671 1768 1749 πλεοναςμὸν
1824 1675 1941 1736 τοῦ
1986 1666 2020 1734 ἶ
2075 1669 2359 1760 αἴγειρος
2409 1671 2693 1751 Ὅμηρος
2748 1667 2903 1751 (0(1.
2946 1692 2985 1750 η
3034 1669 3183 1751 106)

594 1775 947 1852 «μακεδνῆς
977 1771 1346 1850 αἰγείροιο».
1402 1773 1481 1836 τὰ
1508 1773 1631 1851 γὰρ
1677 1772 1765 1837 εἰς
1812 1775 1939 1851 ῖοῖ
1983 1771 2289 1853 ῥηματικὰ
2331 1780 2408 1858 τῇ
2454 1778 2508 1838 ἐἶ
2553 1774 2886 1857 διφθόγγῳ
2930 1773 3182 1837 θέλουςι

593 1874 1063 1953 παραλήγεςθαι
1111 1873 1256 1938 οἷον
1287 1873 1478 1939 ἀῖςςω
1508 1873 1822 1957 αἴγειρος,
1869 1874 2079 1954 μάςςω
2111 1875 2442 1959 μάγειρος,
2487 1875 2621 1941 ὀνῶ
2654 1876 2929 1958 ὄνειρος,
2959 1875 3182 1939 πέπτω

493 1980 554 2032 15
594 1977 917 2054 πέπειρος.
975 1977 1051 2041 τὸ
1097 1978 1168 2040 δὲ
1214 1979 1278 2040 ἇῑ
1322 1979 1432 2054 τῆς
1476 1977 1735 2057 πρώτης
1780 1979 2093 2058 ςυλλαβῆς
2135 1977 2407 2054 γέγονεν
2452 1977 2584 2043 ἀπὸ
2628 1982 2746 2043 τοῦ
2790 1977 2981 2044 ἀῖςςω
3024 1977 3182 2042 κατὰ

595 2082 828 2157 κρᾶςιν.
916 2077 1041 2142 ἔςτι
1089 2079 1159 2141 δὲ
1215 2078 1317 2143 καὶ
1358 2077 1722 2157 Αἴγειρος
1776 2078 1964 2144 πόλις
2010 2080 2402 2162 Μεγαρίδος,
2460 2081 2550 2145 ὡς
2597 2080 2986 2160 Θεόπομπος
3030 2100 3182 2145 πεν-

594 2186 864 2263 τηκοςτῇ
911 2179 1087 2263 ἕκτῃ,
1144 2181 1224 2259 ἢν
1271 2179 1568 2260 (τράβων
1612 2180 2025 2260 Αἰγείρουςαν
2084 2181 2251 2258 λέγει
2296 2180 2366 2263 (9
2405 2205 2466 2268 p.
2498 2180 2667 2264 394).
2743 2173 3185 2263 ςάπφειρος

597 2283 802 2362 λίθος,
859 2279 1304 2361 (τάγειρος.
1375 2280 1807 2360 Κάςπειρος
1864 2283 2050 2347 πόλις
2104 2283 2388 2361 Πάρθων
2445 2283 2762 2364 προςεχὴς
2826 2292 2902 2368 τῇ
2962 2284 3184 2368 Ἰνδικῇ

596 2384 698 2447 καὶ
761 2384 836 2447 τὸ
901 2383 1152 2448 ἑθνικὸν
1220 2382 1606 2464 ὁμοφώνως.
1703 2383 2113 2467 (τάλιρος,
2181 2384 2511 2470 (ίτιρος,
2581 2385 2935 2466 Βίςτιρος
3001 2389 3209 2462 πόλις,

492 2489 561 2540 20
598 2486 848 2566 Θρᾴκης
904 2485 1006 2549 καὶ
1060 2484 1432 2564 Πίςτιρος
1488 2486 1563 2550 τὸ
1620 2486 1950 2566 ἐμπόριον.
2051 2487 2452 2570 Κύςτιρος,
2519 2488 2895 2570 Δύςιρος,
2953 2489 3183 2554 Βεδύ-

598 2607 845 2671 ςιρος,
903 2586 1124 2666 ἄϊρος
1179 2587 1484 2653 ςύνθετον
1553 2585 1685 2652 ἀπὸ
1749 2588 2133 2669 διςύλλαβου
2188 2589 2353 2668 Ἶρος
2421 2590 2498 2669 «ἦ
2565 2592 2728 2669 τάχα
2772 2590 2938 2670 Ἶρος
3004 2589 3185 2670 ἄϊρος

878 2761 1003 2769 ——-·-

597 2912 798 2980 τηρός,
836 2912 1020 2977 τόλμα
1054 2910 1366 2976 τολμηρός,
1405 2910 1567 2965 νόςος
1603 2912 1863 2977 νοςηρός·
1912 2912 1962 2965 εἰ
2005 2911 2074 2977 δὴ
2113 2912 2288 2966 πόνος
2327 2915 2417 2965 καὶ
2454 2914 2660 2978 μόχθος
2705 2915 2778 2967 τὰ
2815 2914 3189 2981 πρωτότυπα,

599 2980 848 3047 πονηρός
886 2983 976 3033 καὶ
1015 2978 1292 3046 μοχθηρός
1328 2979 1534 3045 ῥητέον
1571 2980 1874 3034 ὀξυτόνως.
1946 2979 1996 3033 εἰ
2030 2981 2089 3033 δ’
2119 2981 2174 3033 οἱ
2213 2981 2453 3035 Ἀττικοὶ
2492 2984 2916 3048 βαρυτονοῦςιν,
2953 2984 3022 3035 οὐ
3061 2986 3190 3036 θαυ-

601 3051 811 3114 μαςτόν
849 3050 985 3102 ἐςτι·
1024 3049 1271 3114 χαίρουςι
1306 3048 1413 3113 γὰρ
1449 3053 1519 3113 τῇ
1560 3048 1853 3113 βαρύτητι·
1901 3050 2147 3114 Ἀδελφε
2183 3052 2325 3113 γοῦν
2372 3051 2592 3113 λέγουςι
2636 3052 2744 3116 τὴν
2792 3051 3031 3117 πρώτην
3069 3052 3190 3104 ὀξυ-

598 3122 904 3170 τονοῦντες
953 3117 1031 3170 ὡς
1078 3117 1289 3169 ἄπελθε
1336 3117 1531 3181 (φηςιν
1577 3117 1610 3168 6
1647 3115 1901 3181 Τρύφων
1946 3117 2389 3183 παρατιθέμενος
2435 3117 2728 3184 Φιλήμονα
2773 3120 2877 3171 τὸν
2915 3119 3190 3185 Αἰξωνέα)

600 3188 690 3238 καὶ
728 3185 1023 3251 Θεττάλην
1061 3186 1139 3237 ὼς
1177 3183 1488 3250 Μυρτάλην
1524 3185 1615 3235 καὶ
1651 3184 1842 3249 χάριεν
1865 3187 1974 3251 τὴν
2000 3186 2239 3251 πρώτην
2264 3187 2543 3251 ςυλλαβὴν
2581 3188 3006 3240 ὀξυτονοῡντες·
3048 3189 3192 3241 ὥςτε

600 3256 703 3307 οὐκ
741 3253 819 3307 εἰς
857 3253 1154 3318 διαςτολὴν
1193 3252 1412 3318 (φηςίν)
1458 3255 1562 3304 ‘roo
1612 3253 2020 3318 ςημαινομένου
2066 3252 2233 3319 εὖρον
2279 3256 2387 3319 τὴν
2433 3255 2717 3320 βαρύτητα
2762 3255 2895 3307 ἀλλ’
2940 3256 3018 3308 ὡς
3066 3258 3192 3309 ἔθος

603 3324 1022 3387 ἐκπληροῦντες
1070 3320 1255 3372 οὕτως
1303 3320 1747 3387 προηνέγκαντο.
1786 3350 1853 3357 ——
1899 3324 2154 3374 Eustath.
2193 3326 2352 3385 1967,
2389 3327 2455 3375 33
2492 3325 2664 3374 etiam
2700 3326 2925 3375 tertiam
2964 3326 3192 3375 formam

604 3394 853 3455 πονῆρος
890 3390 922 3441 6
960 3388 1155 3441 ἐλέους
1191 3388 1340 3441 ἄξιος
1378 3391 1604 3455 profert.
1819 3391 1856 3444 l.
1891 3394 1924 3442 3
1961 3407 2126 3456 quum
2159 3392 2433 3443 Arcadius
2469 3389 2765 3456 Κάμειρος,
2805 3394 3051 3458 Theogn.
3092 3392 3194 3445 Κά-

605 3474 760 3525 μιρος
797 3459 1029 3522 habent,
1066 3465 1357 3522 utrumque
1395 3460 1555 3523 posui
1589 3463 1817 3509 secutus
1851 3460 2114 3511 Eustath.
2151 3460 2223 3509 ad
2258 3460 2486 3525 Dionys.
2527 3464 2651 3511 504:
2694 3459 2929 3525 Κάμιρο(
2965 3460 3053 3512 διὰ
3088 3464 3191 3513 τοῦ

609 3545 623 3580 ι
671 3526 1003 3592 γραφομένη
1045 3525 1185 3590 πρὸς
1222 3524 1648 3590 ἀντιδιαςτολὴν
1672 3529 1776 3578 τοῦ
1804 3524 2021 3591 κυρίου·
2060 3527 2092 3578 6
2127 3527 2234 3592 γὰρ
2261 3525 2530 3592 Κάμειρος
2556 3528 2748 3593 κύριον
2774 3528 2861 3581 διὰ
2885 3529 3193 3593 διφθόγγου

602 3594 906 3660 γράφεται,
946 3593 1091 3660 quod
1128 3609 1192 3644 eo
1228 3594 1497 3656 firmatur,
1536 3594 1680 3659 quod
1718 3611 1806 3661 ap.
1844 3596 2037 3661 Steph.
2075 3598 2136 3645 Β.
2172 3597 2304 3646 urbs
2341 3595 2578 3660 Κάμιρος
2625 3598 2834 3663 scripta
2872 3604 2983 3661 est,
3032 3615 3196 3662 quum

603 3668 695 3726 88,
737 3668 800 3713 13
836 3662 1286 3726 andronymieum
1332 3678 1432 3727 per
1466 3666 1515 3713 εἶ
1554 3663 1892 3727 proferatur,
1940 3670 1996 3714 et
2043 3680 2252 3714 canone
2297 3663 2454 3715 orssho
2497 3666 2724 3730 raphico
2770 3667 2834 3715 Ε.
2871 3668 2944 3718 Μ.
2981 3670 3108 3727 488,
3145 3669 3196 3727 7,

607 3733 697 3797 qui
736 3749 801 3780 ex
840 3726 1161 3781 Herodiano
1198 3731 1407 3815 P⁰‚ti.t¹¹⁸
1442 3731 1666 3781 videtur
1701 3731 1961 3813 (cf-‚⁶⁶⁰⁹
1999 3733 2115 3793 49):
2166 3730 2401 3797 Κάμιρος
2485 3747 2639 3814 νομαὶ
2666 3732 2892 3784 πόλεως
2930 3733 3008 3785 ὡς
3046 3733 3198 3798 παρὰ

607 3795 3065 3935 ἑῗλέὥὲηἷῗγὲἒὲἕὲοζαίἯὲεέἔδὲἓῐρὶαὲιὲνξὲἓείᾞρὲξὲὲίἳῖἰτῖξτᾷἷεῗιὰεῖἕῖιέἒὲῗ
3095 3802 3197 3922 ιῖἶῖἶ

608 3951 816 4000 ςτιρος,
855 3935 1119 3999 Δύςιρος,
1160 3930 1390 3997 (ίτιρος.
1460 3934 1531 3984 τὸ
1568 3935 1798 3998 ἤπειρος
1836 3934 1939 3986 οὐκ
1978 3934 2282 3987 ἀντίκειται
2319 3936 2466 3999 ἡμῖν.
2538 3935 2641 3988 οὐκ
2678 3936 2771 3988 ἐπὶ
2810 3937 3036 3989 πόλεως
3072 3936 3196 4002 γάρ,

607 4004 741 4055 ἀλλ’
776 4002 870 4055 ἐπὶ
907 4001 1118 4067 χωρίου
1155 4001 1289 4053 οὔτε
1325 4001 1395 4053 τὸ
1433 3998 1754 4067 (τάγειρος-
1793 4001 1907 4067 ἔχει
1941 4003 2048 4069 γὰρ
2081 4002 2388 4069 οὐδέτερον
2422 4003 2494 4055 τὰ
2519 4002 2812 4069 Ετάγειρα·
2850 4005 2922 4057 τὰ
2958 4006 3018 4057 δὲ
3055 4006 3199 4057 ἄλλα

608 4072 796 4124 πάντα
842 4070 930 4123 διὰ
966 4072 1068 4135 τῆς
1107 4073 1153 4121 ἐι
1198 4067 1503 4134 γράφεται,
1553 4069 1842 4135 μάγειρος,
1892 4070 2157 4137 Κάμειρος
2196 4074 2295 4135 (se.
2337 4073 2370 4124 6
2405 4074 2582 4138 ἥρως)
2630 4074 2799 4138 χωρὶς
2845 4072 2894 4125 εἰ
2941 4075 3015 4139 μὴ
3065 4074 3199 4125 ὧςιν

609 4140 723 4192 ἀπὸ
761 4136 1089 4203 διςυλλάβου
1125 4137 1213 4190 διὰ
1248 4137 1318 4189 τὸ
1354 4136 1536 4202 ἆῐρος,
1575 4140 1721 4190 unde
1760 4142 2064 4192 concludas
2100 4143 2268 4191 etiam
2303 4142 2468 4191 urbes
2505 4139 2764 4206 Κάβειρος
2802 4149 2857 4192 et
2895 4142 3199 4206 Κάςπειρος

609 4227 698 4275 ap.
736 4210 927 4273 steph.
970 4208 1230 4257 habuisse
1281 4207 1509 4257 formam
1557 4206 1880 4259 neutralem.
1952 4209 2245 4259 Caeterum
2292 4207 2561 4273 Κάμειρος
2598 4217 2655 4259 et
2695 4207 2930 4274 Κάμιρος
2978 4211 3198 4275 explevi

610 4296 678 4328 ex
714 4278 797 4328 St.
838 4280 918 4341 Β.,
956 4277 1186 4340 ἤπειρος
1224 4276 1410 4341 recepi
1450 4292 1517 4326 ex
1554 4276 1633 4329 St.
1672 4278 1734 4327 Β.
1770 4282 1829 4328 et
1864 4278 1929 4329 Ε.
1967 4279 2068 4340 Μ.,
2107 4276 2369 4342 Κάβειρος
2406 4294 2475 4327 ex
2514 4280 2592 4327 st.
2629 4281 2691 4331 B.
2731 4284 2788 4328 et
2825 4280 2889 4330 Ε.
2916 4278 3055 4329 Gud.
3081 4281 3199 4342 289,

609 4350 695 4405 30,
731 4346 877 4395 unde
914 4345 1084 4395 verba
1119 4342 1255 4395 τοὺς
1291 4343 1354 4395 δὲ
1389 4341 1655 4408 δαίμονας
1690 4360 1866 4409 usque
1906 4346 1976 4395 ad
2018 4345 2051 4396 1.
2089 4348 2120 4397 9
2157 4345 2399 4410 ὄνειρος,
2439 4361 2545 4411 quo
2583 4345 2704 4397 loeo
2741 4346 2830 4396 καὶ
2857 4346 3199 4410 Ἡρωδιανὸς

610 4413 760 4476 λέγει
797 4414 905 4477 τὴν
941 4411 1244 4478 παράδοςιν
1279 4412 1397 4463 κτλ.
1446 4411 1732 4477 Ἄνδειρος
1769 4420 1826 4463 et
1864 4411 2124 4477 Κόνειρος
2161 4431 2228 4464 ex
2264 4415 2538 4479 Theogn„
2575 4414 2709 4464 item
2746 4413 2963 4478 ὄνειρος
3000 4442 3065 4451 —-
3104 4413 3201 4477 μά-

609 4497 819 4546 γειρος,
859 4482 1006 4546 quod
1043 4486 1370 4547 postremum
1407 4481 1610 4547 partim
1647 4481 1869 4545 explevi
1905 4498 1973 4531 ex
2007 4483 2212 4534 Herod.
2253 4483 2407 4533 Orth.
2453 4484 2512 4531 in
2548 4483 2610 4530 Ε.
2650 4484 2742 4535 Or.
2783 4485 2896 4544 100,
2934 4486 2992 4545 4,
3040 4499 3203 4548 porro

610 4550 881 4614 αἴγειρος,
921 4550 1065 4615 quod
1104 4549 1323 4613 explevi
1363 4566 1430 4600 ex
1468 4549 1625 4599 Orth.
1664 4549 1871 4603 Herod.
1910 4551 1968 4599 in
2005 4552 2067 4599 E.
2104 4551 2293 4600 Orion.
2323 4553 2437 4611 100,
2472 4554 2506 4599 4
2543 4549 2750 4600 collato
2789 4551 3056 4602 Choerob.
3085 4553 3202 4612 177,

611 4622 674 4669 31
716 4626 771 4669 et
812 4621 871 4668 Ε.
909 4619 982 4668 Μ.
1019 4620 1113 4679 28,
1150 4620 1215 4668 39
1262 4622 1318 4667 et
1369 4634 1437 4668 ex
1473 4618 1551 4672 St.
1591 4617 1680 4679 Β.,
1726 4634 1795 4668 ex
1843 4634 1950 4682 quo
1997 4621 2166 4669 etiam
2206 4619 2389 4682 recepi
2436 4616 2742 4682 ςάπφειρος
2778 4646 2844 4654 —-
2884 4617 3202 4682 Κάςπειρος.

613 4686 829 4751 Είτιρος
866 4704 933 4736 ex
972 4687 1033 4742 Ε.
1069 4686 1142 4734 Μ.
1193 4689 1249 4734 et
1284 4686 1532 4749 Theogn.
1577 4687 1778 4750 scripsi
1822 4702 1920 4752 pro
1965 4684 2176 4751 Cictpoc
2223 4686 2309 4737 vel
2348 4683 2589 4749 (ίςειρος
2636 4687 2779 4747 (eod.
2819 4686 2915 4747 Ο),
2956 4684 3203 4750 Βίςτιρος

615 4763 673 4805 et
717 4753 979 4820 Πίςτιρος
1027 4770 1094 4804 ex
1139 4752 1221 4802 St.
1269 4754 1361 4816 Β.,
1410 4753 1697 4817 Κύςτιρος,
1739 4752 1977 4818 Δύςιρος
2026 4771 2093 4805 ex
2141 4756 2203 4804 Ε.
2248 4756 2320 4805 Μ.
2370 4759 2426 4803 et
2469 4755 2742 4819 Theogn„
2801 4753 3091 4818 Βεδύςιρος
3137 4772 3204 4805 ex

614 4824 859 4887 Theogn.
905 4824 1109 4888 recepi.
1184 4822 1247 4871 In
1292 4820 1396 4873 fine
1436 4821 1794 4874 Βοιωτιακῶς
1840 4839 1908 4872 ex
1953 4823 2201 4889 Theogn.
2249 4827 2306 4872 et
2351 4820 2430 4873 ὡς
2474 4821 2685 4886 τέθηκα
2729 4821 2950 4873 τέθεικα
2996 4839 3064 4873 ex
3101 4824 3204 4874 An.

618 4891 719 4945 Ox.
758 4893 813 4941 11
851 4894 975 4954 327,
1017 4894 1043 4940 1
1091 4888 1295 4941 addidi.
1369 4890 1704 4941 Schmidtius
1749 4891 1819 4942 ad
1865 4891 2105 4956 Hesyeh.
2151 4907 2192 4941 s.
2229 4907 2280 4944 v.
2322 4891 2613 4942 Arcadium
2659 4892 2695 4940 i.
2733 4908 2778 4941 e.
2824 4890 3205 4943 Herodianum
