3664 5546
646 379 768 444 186
1579 372 1663 428 εκ
1699 371 1840 427 mu
1883 369 2292 426 ΗΡΩΔΙΑΝΟΥ

642 551 960 631 προςεχὴς
1033 554 1109 634 τῇ
1169 548 1512 632 Παλλήνῃ,
1570 546 1883 611 Ἴτωνος
1953 542 2126 623 ἥρως
2203 543 2306 608 καὶ
2371 539 2558 608 πόλις
2622 537 2964 608 Θεςςαλίας
3028 540 3069 619 ἣ
3129 540 3233 605 καὶ

641 657 854 735 Ἴτων,
904 654 1307 719 ’Ἀλπωνος
1362 650 1550 715 πόλις
1604 649 1708 713 καὶ
1767 646 1924 727 ὄρος
1981 646 2051 712 ἐν
2110 644 2511 730 Μακεδονίᾳ,
2569 643 2661 710 ῶς
2716 641 3087 726 Εὐφορίων,
3139 663 3228 708 τι-

640 759 750 822 νὲς
805 758 876 821 δὲ
933 755 1277 821 Θετταλίας
1332 754 1534 832 αὐτήν
1590 773 1799 833 φαςιν.
1891 750 2017 814 ἔςτι
2072 750 2174 815 καὶ
2229 747 2392 827 ἄλλη
2446 749 2712 827 Λοκρῶν
2772 746 3228 828 Ἐπιζεφυρίων

645 860 736 925 ώς
781 858 1145 923 Ἑλλάνικος
1210 858 1281 923 ἐν
1335 857 1558 941 πρώτῃ
1605 852 2137 919 Δευκαλιωνείας.
2236 851 2640 931 Τρίτωνος
2696 850 3035 931 πολίχνιον
3092 851 3229 915 Μα-

581 974 613 1025 5
643 961 966 1045 κεδονίας,
1024 960 1528 1039 Τρικόλωνος
1582 961 1734 1023 παῖς
1788 954 2120 1023 Λυκάονος
2183 955 2288 1021 καὶ
2340 954 2461 1019 ἀπ’
2514 953 2715 1020 αὐτοῦ
2769 954 2958 1020 πόλις
3013 953 3229 1033 Ἀρκα·

642 1064 796 1131 δίας.
1929 1078 1935 1082 ·

810 1167 905 1233 Τὰ
960 1165 1049 1232 εἰς
1097 1152 1215 1234 ξ-οἷ
1270 1163 1395 1230 εἴτε
1451 1164 1796 1244 διςύλλαβα
1851 1160 1976 1227 εἴτε
2033 1160 2196 1240 ὑπὲρ
2262 1159 2382 1225 δύο
2442 1159 2756 1240 ςυλλαβᾶς
2824 1158 3229 1241 βαρύνονται,

641 1270 982 1337 Λίπαξος
1027 1268 1214 1334 πόλις
1259 1267 1527 1350 Θρᾴκης.
1585 1265 1927 1330 Ἑκαταῖος.
1981 1265 2308 1343 Ἄραξος
2352 1261 2767 1342 ἀκρωτήριον.
2843 1261 2969 1327 ἔςτι
3014 1263 3087 1327 δὲ
3129 1261 3232 1326 καὶ

642 1372 833 1439 ἔθνος
879 1371 1210 1453 Ἰλλυρίας,
1257 1371 1312 1435 δ’
1340 1370 1443 1434 καὶ
1471 1366 1768 1450 Ἀράξης,
1815 1368 2234 1445 Ἀλέξανδρος
2267 1364 2618 1444 Κορνήλιος
2663 1365 2733 1429 ἐν
2777 1369 2869 1448 τῶ
2913 1364 3061 1443 περὶ
3098 1369 3230 1430 τῶν
3298 1406 3309 1419 ·

547 1483 612 1535 10
645 1476 805 1554 παρ’
850 1474 1143 1553 Ἀλκμᾶνι
1185 1475 1465 1537 τοπικῶς
1509 1469 1893 1553 εἰρημένων,
1936 1469 2195 1536 Πύξος
2239 1468 2278 1547 ἡ
2321 1468 2508 1533 πόλις
2552 1468 2655 1531 καὶ
2696 1468 2773 1532 τὸ
2818 1465 3050 1549 φυτόν,
3095 1467 3249 1547 μύ-·

643 1581 804 1657 ξος,
851 1573 1091 1641 Βύξος
1135 1573 1342 1653 ὄνομα
1387 1574 1626 1661 κύριον.
1716 1572 1931 1640 Είξος
1976 1571 2165 1636 πόλις
2213 1572 2610 1649 Μαςτιηνῶν.
2665 1568 2990 1635 Ἑκαταῖος
3036 1569 3231 1648 «μετὰ

644 1680 717 1744 δὲ
762 1676 938 1743 Είξος
980 1678 1221 1742 πόλις».
1292 1676 1578 1755 Φρίξος
1621 1675 1794 1755 ἥρως
1842 1676 1943 1741 καὶ
1985 1674 2172 1740 πόλις
2215 1672 2474 1755 Λυκίας,
2517 1671 2744 1740 Λίξος
2787 1671 3077 1752 ποταμὸς
3127 1672 3230 1736 Λι-

646 1779 800 1861 βύης
856 1780 960 1845 καὶ
1015 1780 1448 1858 Μαυριτανίας
1501 1779 1604 1844 καὶ
1649 1777 1857 1843 ἔθνος.
1944 1776 2319 1858 Λάκοξος,
2376 1774 2677 1840 Ῥοῖξος
2732 1771 3015 1839 ἐπίνειον
3071 1774 3229 1839 Κιλι-

645 1882 781 1948 κίας
825 1880 932 1946 ἐπὶ
972 1883 1114 1948 ταῖς
1145 1882 1438 1962 ἐκβολαῖς
1479 1885 1598 1946 τοῦ
1630 1880 1841 1959 Εάρου
1870 1882 2182 1957 ποταμοῦ.
2243 1875 2573 1959 Κρόξος,
2617 1875 2888 1959 Βόξος,
2931 1875 3231 1944 Λάοξος

551 1998 610 2050 15
647 1978 1056 2064 ὁποταμός.
1122 1983 1347 2052 Ὠξος
1414 1983 1451 2047 ὁ
1513 1964 1815 2062 ποταμός.
1880 1983 2099 2048 ’Ἀξος
2163 1980 2352 2045 πόλις
2421 1972 2659 2058 Κρήτης
2730 1979 2822 2044 ῶς
2877 1978 3230 2058 Ἡρόδοτος

646 2087 717 2152 ἐν
772 2087 1041 2170 τετάρτῃ
1098 2083 1180 2169 (c.
1230 2084 1414 2169 154),
1486 2078 1750 2152 Νάξος
1792 2087 1986 2162 νῆςος
2030 2086 2179 2147 ’τῶν
2249 2080 2592 2146 Κυκλάδων
2658 2079 2789 2147 ἀπὸ
2844 2084 2961 2147 τοῦ
3019 2081 3230 2151 Νάξου

650 2190 873 2268 Καρῶν
918 2189 1265 2271 ἡγεμόνος,
1312 2187 1498 2252 ἄλλοι
1544 2189 1617 2253 δὲ
1661 2187 1792 2252 ἀπὸ
1841 2186 2053 2254 Νάξου
2107 2187 2225 2249 τοῦ
2269 2183 2707 2263 Ἐνδυμίωνος.
2776 2183 3116 2265 Εὐφορίων
3161 2186 3233 2250 δὲ

647 2292 821 2371 παρὰ
862 2292 939 2357 τὸ
984 2292 1194 2374 νάξαι,
1241 2290 1279 2355 ὅ
1323 2310 1475 2371 φαςι
1521 2288 1698 2355 θῦςαί
1741 2309 1927 2355 τινες.
1996 2288 2124 2354 ἔςτι
2168 2287 2271 2351 καὶ
2312 2284 2849 2371 πόλιςᾸΕικελίας.Ι
2898 2287 3001 2351 καὶ
3045 2285 3232 2353 ἄλλοι

645 2394 833 2459 τόποι
882 2393 1092 2461 Νάξοι.
1165 2392 1440 2461 Ὄαξος
1483 2392 1670 2457 πόλις
1718 2392 1958 2471 Κρήτης
2003 2389 2407 2469 Ἐλευθέρνης
2464 2386 2545 2452 οὐ
2591 2389 2848 2473 πόρρω,
2902 2389 3066 2463 καθὰ
3109 2389 3231 2455 Ξε-

544 2506 613 2558 20
647 2497 803 2562 νίων
848 2495 981 2562 ἀπὸ
1027 2494 1257 2563 Ὀάξου
1311 2498 1429 2561 τοῦ
1475 2494 1921 2559 Ἀκακαλλίδος
1963 2495 2075 2572 τῆς
2118 2492 2434 2570 θυγατρὸς
2486 2494 2603 2556 τοῦ
2650 2491 2851 2556 Μίνω.
2938 2493 3105 2558 τινὲς
3156 2481 3234 2557 δὲ

647 2599 751 2663 διὰ
795 2599 870 2664 τὸ
903 2600 1248 2676 καταγῆναι
1291 2597 1408 2663 τὸν
1452 2597 1659 2662 τόπον
1702 2597 1806 2662 καὶ
1849 2596 2185 2677 κρημνώδη
2231 2593 2556 2673 ὑπάρχειν.
2613 2596 2870 2659 καλοῦςι
2913 2594 3037 2673 γὰρ
3080 2595 3235 2660 τούς

646 2700 985 2765 τοιούτους
1037 2700 1279 2765 τόπους
1333 2698 1555 2784 ἄξους,
1611 2699 1896 2778 καθάπερ
1954 2699 2056 2762 καὶ
2109 2696 2288 2778 ἡμεῖς
2341 2694 2600 2777 ἀΥμούς.
2692 2696 3045 2776 Χάραξος
3099 2695 3232 2762 ἀπὸ

646 2807 764 2869 τοῦ
809 2803 1094 2886 χαράξω,
1139 2802 1267 2883 ἀφ’
1311 2799 1391 2867 οὗ
1438 2802 1740 2882 Χαράξης.
1829 2800 2260 2881 Ὀλόφυξος
2302 2800 2489 2865 πόλις
2544 2799 2615 2864 ἐν
2661 2799 2877 2885 Θρᾴκῃ
2928 2802 3075 2879 περὶ
3114 2801 3232 2866 τὸν

645 2906 833 2970 Ἄθω.
898 2906 1091 2987 Ἴξος
1136 2905 1322 2984 λιμὴν
1366 2908 1478 2982 τῆς
1521 2904 1769 2970 Ῥόδου.
1858 2905 1934 2969 τὸ
1979 2904 2196 2984 μέντοι
2240 2901 2402 2969 ἰξός
2456 2901 2531 2967 τὸ
2575 2903 3043 2981 προςηγορικὸν
3089 2902 3231 2970 ὀξύ-

545 3021 611 3072 25
646 3028 852 3090 νεται,
898 3008 1002 3072 καὶ
1044 3007 1119 3072 τὸ
1165 3007 1427 3090 λοξός,
1474 3005 1722 3088 φοξός
1768 3006 1859 3071 ῶς
1904 3005 2159 3070 ἐπίθετα
2188 3004 2394 3069 καὶτὸ
2440 3004 2770 3082 κοραξός
2818 3004 2908 3069 ώς
2938 3003 3231 3071 ἐπίθετον

648 3110 968 3193 ὀξύνεται,
1036 3108 1374 3189 βαρύνεται
1441 3111 1513 3174 δὲ
1579 3108 1669 3174 ώς
1726 3107 1995 3173 έθνικόν.
2084 3108 2209 3173 ἔςτι
2266 3108 2339 3171 δὲ
2393 3105 2582 3171 ἔθνος
2640 3106 2902 3184 Κόλχων
2961 3106 3231 3185 πληςίον

652 3211 908 3276 Κώλων.
963 3210 1288 3277 Ἑκαταῖος
1332 3210 1620 3296 Εὐρώπῃ.
1691 3211 1769 3275 τὸ
1815 3211 1888 3275 δὲ
1933 3210 2162 3278 λαξός
2217 3211 2318 3274 καὶ
2362 3208 2762 3289 φυλλοξός
2805 3208 2965 3274 κατὰ
3008 3229 3230 3285 ςυγκο-

647 3314 776 3393 πὴν
820 3312 952 3378 ἀπὸ
995 3318 1113 3378 τοῦ
1149 3313 1431 3381 -λαοξόος
1474 3333 1576 3378 και
1619 3312 1985 3394 φυλλοξόος
2027 3312 2315 3389 γέγονεν.

641 3587 915 3642 Ἐὕδωνον
949 3586 1057 3640 τὸν
1103 3587 1364 3651 ποταμὸν
1401 3585 1716 3650 ὡνόμαςαν.
1751 3614 1817 3623 -
1856 3587 2050 3638 Canon
2085 3590 2270 3637 exstat
2306 3585 2475 3635 etiam
2512 3585 2568 3635 in
2604 3586 2706 3650 Ep.
2743 3583 2831 3635 Cr.
2866 3586 2895 3635 I
2929 3586 3055 3648 331,
3091 3585 3123 3635 5
3161 3586 3234 3635 cf.

651 3658 820 3708 etiam
856 3658 1052 3707 Choer.
1091 3657 1302 3711 Dictat.
1337 3659 1455 3718 411,
1498 3660 1578 3720 13,
1616 3656 1710 3706 ubi
1746 3651 2048 3718 κόινωνός,
2087 3651 2319 3717 οἰωνός,
2360 3651 2612 3705 Τιθωνός
2649 3653 3019 3719 proferuntur.
3141 3653 3175 3703 1.
3202 3655 3231 3703 7

649 3727 814 3776 initio
859 3725 1088 3776 canonis
1134 3741 1232 3791 pro
1268 3723 1485 3789 θηλυκὰ
1523 3725 1706 3790 posui,
1754 3740 1894 3789 quae
1939 3723 2112 3774 habet
2157 3723 2407 3787 Theogn.
2454 3724 2545 3784 69,
2592 3723 2623 3771 8
2670 3718 2783 3772 εἴτε
2828 3748 2896 3757 —-
2939 3720 3231 3785 ςυλλαβάς,

650 3810 776 3845 nam
813 3794 880 3844 de
916 3793 1198 3844 femininis
1233 3793 1367 3845 solis
1402 3794 1548 3843 hunc
1585 3808 1852 3844 canonem
1887 3808 1996 3842 non
2029 3792 2443 3856 pronunciatum
2467 3805 2588 3840 esse
2614 3793 2851 3855 apparet
2874 3806 2943 3840 ex
2966 3789 3234 3854 Theogn„

652 3879 686 3912 a
723 3877 828 3928 quo
868 3859 1034 3924 μύξος
1071 3862 1355 3912 masculin.
1392 3860 1793 3926 appellativum
1831 3866 1890 3911 et
1925 3859 2228 3911 masculina
2274 3859 2496 3924 propria
2531 3858 2899 3924 proferuntur.
2972 3854 3231 3922 Λίπαξος,

652 3930 884 3995 Ἄραξος
921 3928 1139 3995 explevi
1177 3946 1244 3980 ex
1282 3931 1360 3980 St.
1399 3930 1489 3994 Β.,
1528 3927 1722 3993 μύξος,
1763 3923 1935 3981 Βύξος
1972 3933 2101 3978 sunt
2136 3943 2203 3978 ex
2239 3928 2502 3993 Theogn.‚
2540 3923 2694 3979 (ίξος
2732 3941 2799 3975 ex
2834 3925 3023 3977 eodem
3061 3931 3118 3976 et
3154 3927 3236 3976 St.

653 4001 737 4061 Β.,
777 3996 1003 4063 Φρίξος,
1042 3995 1201 4050 Λίξος
1237 3998 1393 4060 item,
1432 3995 1676 4049 Λάκοξος
1715 4013 1814 4064 pro
1852 3994 2014 4048 κοξός
2051 4012 2120 4046 ex
2154 3995 2428 4046 Lobeckii
2472 3993 2851 4045 emendatione
2887 3994 3094 4048 Parall.
3133 3997 3235 4046 404

650 4073 763 4118 not.
802 4084 870 4118 ex
905 4066 1169 4132 Theogn.,
1208 4066 1412 4118 Ῥοῖξος
1450 4081 1519 4116 ex
1556 4067 1634 4117 St.
1672 4067 1752 4129 Β.,
1792 4065 1936 4130 quod
1973 4065 2213 4115 fortasse
2251 4066 2460 4115 rectius
2495 4062 2681 4116 Ῥόξος
2718 4079 2784 4114 ex
2820 4062 3066 4128 Theogn.
3095 4065 3175 4126 14,
3203 4066 3232 4115 7

651 4153 909 4202 scribitur
945 4157 1167 4218 propter
1202 4167 1466 4202 canonem
1504 4151 1752 4216 Theogn.
1788 4152 1880 4210 69,
1922 4153 2008 4201 13:
2044 4148 2116 4200 τὰ
2161 4145 2240 4201 εἰς
2276 4150 2367 4201 ξος
2412 4146 2708 4212 διςύλλαβα
2753 4146 2861 4211 τὴν
2906 4146 2994 4198 διὰ
3036 4148 3139 4198 τοῦ
3176 4148 3232 4212 ἦ,

650 4220 758 4285 τὴν
813 4219 902 4271 διὰ
953 4222 1057 4284 τῆς
1109 4223 1159 4271 {i
1210 4220 1302 4271 καὶ
1353 4221 1456 4284 τῆς
1505 4222 1557 4271 ὂῑ
1601 4216 1930 4283 διφθόγγων
1976 4220 2326 4281 παραιτεῖται
2369 4214 2614 4282 γραφήν.
2697 4213 2900 4280 Κρόξος
2949 4214 3118 4267 Βόξος
3166 4231 3235 4266 ex

651 4289 920 4354 Theogn„
958 4289 1088 4350 item
1124 4285 1333 4341 Λάοξος
1371 4293 1430 4339 et
1462 4286 1641 4340 Ὦξος.
1691 4289 1928 4338 Nomina
1962 4286 2092 4337 inde
2130 4285 2199 4336 ab
2235 4285 2399 4339 Ἀξος
2434 4300 2608 4350 usque
2645 4284 2717 4335 ad
2738 4283 2876 4336 Ἴξος
2913 4283 3235 4350 deprompta

653 4362 780 4407 sunt
817 4373 884 4406 ex
922 4357 1002 4409 St.
1039 4356 1120 4420 Β.,
1157 4374 1191 4407 a
1234 4357 1304 4407 ud
1337 4373 1498 4423 quem
1535 4354 1663 4408 Ἰξός
1700 4356 1941 4417 acuitur,
1979 4353 2079 4405 sed
2114 4360 2273 4420 patet
2308 4353 2444 4406 Ἴξος
2480 4352 2819 4419 gravandum
2856 4368 2978 4404 esse
3016 4355 3073 4402 et
3106 4351 3238 4403 huic

651 4426 868 4491 proprio
903 4427 1107 4491 opponi
1144 4423 1189 4477 ίξ
1227 4439 1254 4477 ς
1289 4425 1686 4491 appellativum
1723 4428 1783 4473 ut
1818 4429 2116 4488 oxytonon.
2162 4425 2301 4473 Nam
2335 4423 2504 4473 verba
2529 4420 2606 4472 ώς
2632 4419 3042 4486 προςηγορικὸν
3067 4435 3234 4470 sensu

565 4527 568 4528 γ
649 4499 867 4550 carent,
910 4509 1072 4559 quum
1107 4496 1177 4545 ab
1214 4493 1449 4544 Arcadio
1483 4494 1602 4558 ipso
1638 4489 1812 4544 πύξος
1858 4491 2092 4542 allatum
2137 4493 2212 4542 sit
2258 4491 2577 4542 femininum
2624 4496 2681 4540 et
2715 4506 2748 4540 a
2785 4489 3029 4554 Theogn.
3067 4487 3235 4552 μύξος

651 4562 1012 4612 masculinum
1048 4570 1112 4613 ut
1150 4560 1276 4614 ίξός.
1349 4565 1532 4626 Quare
1571 4561 1767 4625 scripsi
1804 4577 1901 4626 pro
1937 4558 2017 4611 ὡς
2053 4560 2347 4611 articulum
2380 4557 2465 4610 τό.
2601 4559 2635 4609 l.
2661 4559 2728 4608 25
2762 4557 3028 4607 Arcadius
3062 4557 3238 4608 habet

652 4628 743 4680 καὶ
782 4627 1021 4694 Κοραξός
1059 4627 1138 4681 ὡς
1175 4628 1423 4693 ἑθνικόν,
1463 4629 1609 4694 quod
1647 4625 1780 4679 duce
1819 4628 2102 4681 Lobeckio
2140 4630 2177 4682 l.
2214 4645 2259 4679 c.
2307 4626 2623 4688 emendavi;
2674 4642 2801 4676 nam
2845 4625 2958 4675 alia
3039 4624 3237 4676 entilia

651 4713 685 4747 a
722 4698 1001 4764 Stephano
1037 4697 1254 4764 prolata
1290 4697 1524 4762 Ἄραξος
1561 4693 1720 4748 Λίξος
1755 4697 2028 4760 barytona
2064 4702 2209 4748 sunt.
2278 4696 2566 4747 Caeterum
2616 4691 2857 4760 Κόραξος
2903 4709 3008 4758 exp
3033 4692 3123 4743 evi
3167 4708 3237 4743 ex

652 4765 733 4819 St.
760 4766 822 4815 B.
879 4766 1307 4817 Annotationem
1343 4767 1410 4816 de
1447 4763 1612 4817 λαξός
1651 4771 1708 4815 et
1744 4763 2025 4829 φυλλοξός
2059 4765 2191 4815 finxi
2214 4781 2280 4815 ex
2304 4764 2647 4831 Theognosti
2678 4761 2976 4815 vocabulis.
3012 4757 3233 4825 λαοξός,

653 4834 795 4897 quod
833 4840 1145 4898 corruptum
1180 4832 1400 4884 videtur
1434 4851 1501 4885 ex
1538 4831 1703 4884 λαξύς
1737 4834 1774 4884 i.
1814 4850 1864 4885 e.
1902 4832 1937 4896 ἡ
1977 4832 2175 4885 λαξόος
2214 4833 2285 4882 cf.
2322 4834 2460 4884 Lob.
2494 4832 2578 4883 El.
2615 4833 2643 4882 I
2678 4833 2803 4895 317,
2840 4827 3094 4894 φίλοξος,
3134 4845 3235 4895 pro

655 4916 759 4964 quo
797 4899 1077 4964 φυλλοξός
1115 4901 1362 4966 exhibui,
1399 4902 1603 4954 collato
1641 4902 1702 4956 E.
1741 4902 1815 4957 M.
1852 4903 1970 4964 425,
2008 4905 2038 4952 3
2073 4899 2110 4964 ἡ
2149 4899 2314 4953 λαξός
2349 4897 2465 4952 ἀπὸ
2500 4902 2603 4951 τοῦ
2642 4898 2841 4951 λαξόος
2877 4896 2957 4951 ὡς
2995 4896 3234 4963 βοηθόος
