3664 5546
648 1601 996 1686 Προςῳδία
1053 1602 1178 1667 ἐςτὶ
1234 1601 1392 1666 ποιὰ
1449 1600 1618 1666 τάςις
1674 1600 2117 1681 ἐγγραμμάτου
2175 1603 2404 1679 φωνῆς
2468 1599 2716 1678 ὑγιοῦς,
2782 1602 2942 1667 κατὰ
2993 1602 3070 1667 τὸ

483 1704 951 1782 ἀπαγγελτικὸν
1004 1707 1116 1783 τῆς
1173 1703 1408 1768 λέξεως
1471 1702 1871 1784 ἐκφερομένη
1929 1701 2083 1780 μετά
2136 1722 2313 1768 τινος
2366 1705 2498 1768 τῶν
2553 1704 3070 1783 ςυνεζευγμένων

481 1808 626 1888 περὶ
687 1806 834 1888 μίαν
892 1807 1238 1886 ςυλλαβήν,
1301 1805 1442 1884 ἤτοι
1508 1804 1665 1869 κατὰ
1733 1804 2065 1881 ςυνήθειαν
2134 1803 2467 1869 διαλέκτου
2528 1804 3069 1885 ὁμολογουμένης,

481 1910 622 1989 ἦτοι
665 1909 823 1974 κατὰ
864 1907 981 1973 τὸν
1027 1906 1414 1982 ἀναλογικόν
1460 1905 1621 1987 ὅρον
1666 1906 1767 1970 καὶ
1810 1905 2028 1981 λόγον.
2089 1907 2354 1987 (τοῦτον
2384 1908 2456 1971 δὲ
2485 1907 2602 1973 τὸν
2647 1906 2807 1987 ὅρον
2852 1908 3067 1989 Ἡρο-

481 2010 758 2077 διανὸς
801 2009 887 2078 ἐν
928 2015 1031 2095 τῷ
1077 2009 1253 2090 περὶ
1297 2009 1648 2075 καθόλου
1691 2012 2168 2091 προςῳδιῶν
2214 2007 2535 2089 ῶρίςατο.)
3099 2034 3133 2084 5

615 2251 914 2301 AnnotatiO.
985 2248 1020 2299 Ι.
1059 2250 1219 2301 1—5.
1291 2249 1357 2300 In
1405 2249 1588 2300 fronto
1634 2248 1761 2300 libri
1814 2248 1918 2300 hoc
1974 2249 2340 2315 fragmentum
2397 2249 2556 2314 posui
2616 2254 2841 2300 secutus
2892 2249 3065 2300 vitam

479 2318 780 2371 Herodiani
815 2334 850 2369 a
875 2316 1188 2369 Theodosio
1224 2318 1624 2383 conscriptam,
1663 2317 1758 2368 ubi
1793 2317 2130 2383 prooemium
2166 2316 2239 2367 ad
2274 2318 2520 2367 Marcum
2556 2316 2890 2367 Antoninum
2923 2317 3064 2368 haec

477 2385 724 2438 definitio
762 2386 1044 2452 excepisse
1092 2385 1355 2448 traditan
1417 2400 1593 2450 nequo
1632 2400 1666 2435 a
1702 2401 1759 2437 re
1799 2385 2043 2436 alionum
2081 2400 2204 2436 esse
2241 2384 2505 2446 arbitror,
2557 2384 2605 2435 si
2654 2384 2912 2435 adiiciam
2950 2386 3060 2436 Ho-

479 2455 775 2505 rodianeae
824 2451 1163 2505 definitionis
1221 2453 1650 2519 explicationem
1697 2454 1753 2503 in
1800 2451 1984 2504 Schol.
2034 2453 2106 2503 ad
2154 2453 2386 2516 Dionys.
2424 2454 2549 2514 677,
2587 2455 2644 2510 6,
2696 2452 2840 2503 unde
2884 2455 3063 2519 ipsam

480 2522 856 2574 definitionem·
887 2522 1091 2588 petivi,
1140 2522 1502 2587 propositam:
1551 2518 1733 2572 ίςτέον
1779 2520 1869 2571 ὅτι
1904 2518 1958 2572 οἱ
1994 2520 2207 2584 ὀριςμοὶ
2242 2519 2358 2572 ἀπὸ
2394 2518 2594 2582 γένους
2643 2520 2733 2572 καί
2768 2519 3061 2585 διαφορῶν

478 2589 851 2655 ςυνεςτήκαςι.
913 2588 1200 2641 κάνταῦθα
1235 2591 1376 2650 γοῦν
1412 2587 1480 2640 τὸ
1520 2587 1620 2651 μὲν
1655 2587 1806 2640 τάςις
1843 2586 1969 2639 ἀντὶ
2004 2588 2204 2650 γένους
2241 2586 2355 2640 ἐςτί
2391 2617 2455 2623 —-
2493 2589 2583 2640 καὶ
2618 2588 2724 2652 γὰρ
2761 2587 3060 2641 καθολικόν

476 2656 532 2709 τί
568 2658 717 2710 ἐςτιν
752 2657 788 2720 ἡ
827 2656 978 2710 τάςις
1014 2657 1104 2708 καὶ
1143 2656 1284 2708 κατὰ
1321 2655 1607 2709 πλειόνων
1643 2656 1902 2721 φέρεται·
1950 2654 2175 2717 λέγεται
2209 2655 2281 2717 γὰ
2353 2656 2443 2707 καὶ
2481 2655 2574 2707 ἐπὶ
2611 2654 2794 2721 χειρὸς
2831 2657 2921 2707 καὶ
2959 2672 3058 2708 πο-

477 2726 572 2780 δός
620 2726 713 2779 καὶ
758 2725 953 2778 ἄλλων
991 2726 1180 2791 μερῶν
1224 2739 1289 2777 τε
1326 2725 1417 2777 καὶ
1460 2721 1673 2790 μορίων
1709 2724 1965 2789 ςώματος
2003 2724 2094 2776 καὶ
2130 2723 2231 2778 ἐπ’
2302 2724 2458 2776 λλων
2494 2725 2752 2777 πολλῶν·
2791 2752 2856 2759 ——
2891 2724 2961 2778 τὸ
2997 2725 3059 2778 δέ

478 2793 612 2847 ποιά
657 2795 746 2847 καὶ
791 2794 863 2848 τά
909 2793 1078 2847 λοιπὰ
1122 2792 1398 2859 διαφοραί.
1471 2793 1530 2845 Ἠ
1581 2791 1866 2859 προςῳδία
1910 2792 2041 2857 οὖν,
2088 2791 2250 2859 φηςί,
2298 2791 2448 2845 τάςις
2494 2791 2606 2844 ἐςτί
2655 2795 2856 2858 φωνῆς
2902 2791 3055 2857 ποία,

475 2863 652 2928 ἤγουν
706 2861 987 2929 ποιότητά
1042 2876 1168 2913 τινα
1231 2862 1431 2926 ἔχουςα
1483 2861 1648 2926 ἤχου·
1715 2862 1750 2926 ἢ
1805 2860 1912 2926 γὰρ
1967 2859 2341 2925 ἐπιτεταμένη
2398 2858 2572 2925 ἐςτίν,
2630 2861 2665 2925 ἢ
2711 2860 2974 2925 ἀνειμένη
3021 2863 3055 2926 ἢ

478 2930 629 2997 μέςη.
667 2960 731 2967 -
772 2930 992 2996 Ἐπειδὴ
1029 2929 1090 2983 δέ
1125 2929 1286 2994 διττή
1324 2929 1472 2983 ἐςτιν
1508 2928 1544 2993 ἡ
1582 2928 1754 2994 φωνή
1791 2958 1857 2965 —-
1894 2929 1929 2993 ἢ
1966 2929 2072 2994 γὰρ
2110 2928 2378 2994 ἔναρθρός
2425 2927 2573 2980 ἐςτιν
2608 2929 2786 2994 ἤγουν
2822 2928 3056 2994 ἐγγράμ-

477 3014 651 3063 ματος
666 3038 702 3064 ,,
729 2998 807 3052 ὡς
852 2999 887 3063 ἡ
937 2997 1000 3050 ἐκ
1045 2997 1291 3051 διανοίας
1338 2996 1700 3062 ἀνθρωπίνης
1746 2996 2143 3063 προβαλλομέν
2195 3036 2208 3061 ,
2255 2997 2290 3061 ἢ
2328 2995 2631 3062 ἄναρθρος,
2677 2997 2933 3049 τουτέςτι
2980 2998 3053 3063 μὴ

474 3067 757 3133 δυναμένη
793 3068 1105 3133 γραφῆναι,
1150 3064 1227 3118 ὡς
1263 3065 1299 3130 ἡ
1338 3068 1459 3117 τῶν
1495 3064 1724 3129 ἀλόγων
1755 3065 1926 3118 Ζώων
1964 3066 2054 3117 καὶ
2092 3065 2123 3117 ὁ
2201 3079 2296 3129 χος
2334 3064 2365 3116 ὁ
2401 3063 2516 3117 ἀπὸ
2552 3063 2776 3130 ςιδήρου
2812 3066 2847 3130 ἢ
2886 3064 3054 3119 ξύλου

473 3136 509 3199 ἦ
546 3150 698 3188 τινος
734 3134 998 3188 τοιούτου
1033 3133 1352 3198 γινόμενος·
1391 3134 1504 3189 ἔςτι
1539 3133 1600 3186 δέ
1637 3134 1727 3185 καὶ
1763 3133 1991 3185 τούτων
2030 3131 2265 3198 ἑκατέρα
2301 3131 2486 3197 διττή·
2533 3133 2568 3197 ἢ
2604 3132 2710 3198 γὰρ
2746 3133 3052 3199 ςημαντική

475 3202 622 3255 ἐςτιν
658 3204 693 3268 ἢ
730 3203 1067 3269 ἀςήμαντος·
1105 3203 1195 3255 καί
1231 3200 1506 3267 ἄναρθρος
1545 3201 1646 3266 μὲν
1682 3201 1988 3266 ςημαντικὴ
2027 3200 2106 3253 ὡς
2142 3200 2176 3264 ἡ
2214 3203 2318 3252 τοῦ
2357 3200 2524 3253 κυνὸς
2560 3200 2739 3265 ὑλακή
2779 3199 3053 3267 (ςημαίνει

474 3272 579 3337 γὰρ
605 3270 912 3337 παρουςίαν
944 3270 1098 3323 τινὸς
1135 3269 1623 3336 ἐπιδημήςαντος),
1661 3268 1937 3335 ἄναρθρος
1973 3269 2033 3321 δέ
2069 3268 2383 3334 ἀςήμαντος
2421 3267 2499 3321 ὡς
2537 3268 2569 3321 ὁ
2606 3268 2667 3320 ἐκ
2704 3267 2880 3321 λίθων
2915 3269 3052 3334 ἦχος

473 3339 794 3404 γινόμενος,
843 3340 1109 3405 ἔναρθρος
1144 3339 1207 3391 δέ
1242 3337 1556 3403 ἀςήμαντος
1594 3337 1672 3389 ὡς
1708 3337 1778 3389 τό
1814 3336 2113 3402 ςκινδαψός
2151 3336 2350 3402 (τοῦτο
2385 3337 2491 3402 γὰρ
2527 3336 2847 3401 ἀςὴμαντόν
2885 3336 3049 3403 ἐςτιν,

475 3406 668 3474 ἐπειδὴ
704 3407 772 3460 οὐ
807 3405 1020 3460 τίθεται
1057 3407 1198 3459 κατὰ
1234 3406 1582 3472 πράγματος·
1620 3404 1751 3458 οὐδὲ
1787 3405 1895 3470 γάρ
1930 3406 2043 3457 ἔςτι
2077 3420 2130 3456 τι
2168 3404 2476 3469 λεγόμενον
2513 3405 2855 3470 ςκινδαψός),
2893 3405 3051 3472 ἔναρ-

475 3477 605 3541 θρος
640 3475 701 3528 δέ
737 3475 1043 3541 ςημαντικὴ
1080 3474 1158 3527 ὡς
1193 3474 1374 3540 ὕδωρ,
1421 3473 1663 3527 θάλαςςα
1699 3474 1788 3526 καὶ
1826 3473 1947 3525 ὅςαι
1993 3472 2136 3526 κατά
2180 3472 2529 3538 πραγμάτων
2577 3474 2767 3538 φωναὶ
2801 3471 3050 3527 τίθενται

474 3573 538 3580 —
575 3543 768 3608 ἐπειδὴ
815 3543 918 3597 οὖν
964 3543 1053 3595 καὶ
1099 3541 1365 3608 ἀναρθροί
1410 3540 1508 3595 είςι
1551 3542 1741 3606 φωναὶ
1786 3541 1943 3594 τάςιν
1990 3541 2239 3606 ἐχουςαι,
2286 3540 2364 3593 ὡς
2411 3540 2467 3593 αἱ
2511 3541 2626 3594 ἀπὸ
2673 3541 2912 3607 ςιδήρων
2959 3544 3049 3595 καὶ

474 3611 677 3676 ξύλων,
714 3610 780 3664 ἃς
817 3612 907 3664 καὶ
943 3610 1148 3677 κυρίως
1183 3610 1290 3662 ούκ
1325 3610 1396 3662 ἂν
1432 3608 1686 3674 εἴποιμεν
1722 3609 1947 3673 φωνάς,
1985 3608 2074 3661 διὰ
2108 3612 2284 3661 τοῦτο
2320 3609 2666 3675 προςέθηκεν
2702 3609 3047 3675 «ἐγγραμμά-

471 3694 624 3733 του».
694 3678 879 3733 Πάλιν
913 3678 975 3731 δέ
1012 3676 1162 3742 ἐπεί,
1200 3677 1278 3731 ὡς
1316 3676 1634 3744 εἰρήκαμεν,
1672 3676 1772 3730 eici
1810 3678 1913 3741 μὲν
1949 3676 2327 3743 ἐγγράμματοι
2362 3675 2579 3742 φωναί,
2619 3677 2686 3731 ού
2723 3678 2951 3742 δηλοῦςι
2986 3678 3047 3731 δέ

470 3762 552 3812 τι,
597 3747 807 3800 τούτου
853 3746 1010 3813 χάριν
1058 3746 1222 3799 εἶπεν
1265 3746 1555 3810 «ὑγιοῦς».
1624 3745 1696 3798 ἐν
1734 3747 2016 3799 πολλοῖς
2062 3745 2132 3798 δέ
2178 3744 2467 3810 βιβλίοις
2514 3744 2901 3812 εὑρίςκεται
2939 3746 3047 3798 καί

469 3814 741 3880 «ὑγιής»
778 3816 877 3882 (of.
918 3816 1092 3866 Lehrs
1128 3816 1280 3866 Arist
1332 3832 1384 3882 p.
1423 3814 1604 3877 353²),
1639 3813 1735 3867 ἵνα
1780 3814 1923 3880 πρὸς
1958 3814 2065 3879 τὴν
2110 3813 2265 3866 τάςιν
2312 3813 2684 3879 ἀναφέρηται·
2734 3813 2768 3877 ἡ
2807 3814 2914 3879 γάρ
2951 3830 3046 3866 πε-

472 3882 789 3950 ποιωμένη,
844 3882 1005 3949 φηςί,
1059 3881 1208 3935 τάςις
1244 3882 1348 3947 οὐχ
1384 3882 1461 3935 ὡς
1498 3881 1697 3947 ἐτυχεν
1733 3880 1950 3947 ὀφείλει
1988 3880 2338 3946 ἐκφέρεςθαι,
2393 3882 2536 3934 ἀλλὰ
2591 3881 2820 3934 πάντως
2873 3882 3046 3945 ὑγιῶς

471 3952 562 4004 καί
606 3951 806 4017 ὀρθῶς.
878 3951 1012 4004 ὅθεν
1064 3950 1405 4016 ςαφέςτερον
1450 3952 1642 4015 δηλῶν
1685 3948 1770 4003 τίς
1814 3950 1963 4002 ἐςτιν
2008 3949 2165 4015 ὑγιὴς
2209 3948 2387 4014 τάςις,
2442 3949 2693 4014 ἐπήγαγε
2746 3950 2931 4002 «κατὰ
2974 3950 3044 4003 τὸ

465 4018 886 4083 ’ἀπαγγελτικόν
921 4022 1024 4085 τῆς
1060 4018 1266 4072 λέξεως
1313 4018 1723 4084 ἐκφερομένη».
1794 4017 1981 4083 ἐκείνη
2018 4016 2090 4081 γά
2169 4017 2283 4070 ἐςτι
2327 4017 2477 4070 τάςις
2526 4017 2694 4084 ὀρθή,
2740 4018 2862 4082 ἣτις
2901 4019 3044 4070 κατὰ

469 4084 817 4151 ἀπαγγελίαν
853 4088 981 4153 ἤτοι
1017 4085 1283 4153 ςημαςίαν
1318 4088 1421 4151 τῆς
1459 4085 1663 4140 λέξεως
1700 4086 2013 4153 ἐκφέρεται.
2049 4102 2081 4138 ο
2107 4101 2174 4139 ον
2209 4086 2279 4139 τὸ
2306 4086 2390 4139 ΑΓ
2396 4084 2533 4139 ΝΟ(
2571 4084 2621 4137 εἰ
2656 4085 2757 4149 μέν
2792 4083 3042 4150 ςημαίνει

468 4155 574 4207 τὸν
611 4154 883 4221 καθαρόν,
922 4155 1201 4208 ὀξύνεται·
1239 4152 1289 4207 εἰ
1323 4153 1385 4207 δέ
1408 4152 1657 4220 ςημαίνει
1681 4155 1787 4220 τὴν
1815 4154 2079 4221 βοτάνην,
2107 4154 2493 4219 παροξύνεται.
2531 4152 2700 4206 πάλιν
2722 4152 2791 4205 τὸ
2818 4153 2947 4207 ΑΡΓ
2951 4151 3040 4207 OC

471 4222 519 4276 εἰ
554 4223 657 4288 μὲν
693 4221 944 4290 ςημαίνει
981 4223 1084 4275 τόν
1120 4222 1398 4290 ῥᾴθυμον,
1445 4222 1724 4276 ὀξύνεται·
1773 4222 1822 4276 εἰ
1859 4223 1920 4275 δέ
1967 4222 2288 4288 βαρύνεται,
2336 4220 2586 4288 ςημαίνει
2631 4221 2811 4285 ὄνομα
2855 4222 3039 4274 τόπου

469 4292 560 4345 καί
597 4292 764 4344 κυνὸς
811 4292 900 4343 καὶ
938 4290 1156 4356 ἀνδρός.
1194 4290 1395 4356 πρέπει
1431 4291 1552 4356 οὑν,
1600 4289 1762 4357 φηςί,
1807 4292 1917 4356 τὴν
1962 4291 2131 4344 ποιὰν
2166 4289 2322 4343 τάςιν
2356 4291 2465 4356 τὴν
2501 4289 2894 4356 ἐγγράμματον
2932 4290 3039 4355 τὴν

469 4357 841 4425 ςημαίνουςάν
875 4374 928 4410 τι
996 4359 1074 4411 ὡς
1111 4359 1146 4423 ἡ
1186 4358 1418 4425 ςημαςία
1453 4362 1555 4425 τῆς
1593 4359 1798 4412 λέξεως
1839 4358 2089 4421 ἀπαιτεῖ,
2128 4356 2470 4425 ἐκφέρεςθαι.
2507 4358 2577 4411 τὸ
2601 4358 2661 4410 δὲ
2687 4357 2861 4422 «μετά
2885 4373 3039 4411 τινος

469 4430 589 4479 τῶν
625 4398 1076 4491 ςυνεζευγμένων
1130 4428 1260 4493 περὶ
1306 4425 1435 4491 μίαν
1479 4426 1790 4491 ςυλλαβήν»
1826 4430 2000 4479 τοῦτο
2044 4426 2230 4490 δηλοῖ,
2288 4426 2375 4479 ὅτι
2428 4426 2561 4480 οὔτε
2615 4426 2815 4492 χρόνος
2871 4427 3039 4491 χωρὶς

468 4495 642 4548 τόνου
678 4494 1016 4561 εὑρίςκεται,
1061 4496 1195 4549 οὔτε
1232 4495 1400 4549 τόνος
1436 4496 1605 4561 χωρὶς
1641 4494 1871 4560 χρόνου·
1917 4494 2051 4547 ἀλλ’
2085 4492 2217 4546 οὐδὲ
2263 4497 2485 4559 πνεῦμα
2522 4493 2690 4546 πάλιν
2725 4493 2869 4546 αὐτὸ
2907 4495 3040 4545 καθ’

471 4563 640 4615 ἑαυτὸ
676 4562 974 4630 ἐκφέρεται
1009 4564 1237 4616 τούτων
1271 4563 1422 4630 ἄτερ.
1459 4561 1583 4615 οἷον
1618 4563 1789 4627 ἥλιος.
1835 4562 1955 4615 ἰδοὺ
1991 4562 2097 4627 γὰρ
2133 4562 2223 4614 καὶ
2259 4562 2460 4632 χρόνος
2499 4561 2708 4627 μακρὸς
2744 4561 2812 4614 τὸ
2846 4566 2906 4627 ἦ,
2946 4562 3038 4614 καί

470 4632 611 4696 μετὰ
634 4630 826 4685 δαςὲος
852 4631 1231 4698 ἐξενήνεκται,
1271 4632 1362 4684 καὶ
1396 4630 1592 4684 ἐπάνω
1629 4633 1731 4696 τῆς
1770 4633 1979 4696 μακρᾶς
2013 4630 2179 4695 ἐτέθη
2205 4630 2239 4694 ἡ
2268 4631 2434 4684 ὀξεῖα.
2481 4629 2530 4682 εἰ
2564 4633 2704 4692 γοῦν
2742 4630 2831 4681 καὶ
2867 4631 3036 4695 χωρὶς

469 4699 790 4764 πνεύματος
834 4699 1002 4752 τόνος
1049 4700 1380 4766 εὑρίςκεται,
1427 4699 1505 4752 ὡς
1547 4699 1791 4764 Πέτρος,
1848 4698 1981 4752 ἀλλ’
2016 4698 2082 4750 οὐ
2120 4698 2352 4763 χρόνου,
2424 4698 2614 4762 ὥςπερ
2658 4697 2789 4750 οὐδὲ
2835 4698 3037 4764 χρόνος

469 4766 605 4820 ἄνευ
631 4768 821 4820 τόνου.
860 4768 938 4820 ὡς
975 4768 1082 4851 γὰρ
1118 4768 1356 4834 ἐροῦμεν
1393 4768 1707 4834 προϊόντες,
1745 4767 1851 4820 οὐκ
1885 4767 1958 4831 ῆν
1993 4767 2235 4832 ςυλλαβὴ
2273 4766 2308 4831 ἠ
2348 4767 2421 4832 μὴ
2460 4765 2827 4832 ἐπιδεχομένη
2863 4766 3038 4819 τόνον

471 4834 613 4888 κατὰ
654 4836 789 4889 τοὺς
835 4837 1108 4889 παλαιους
1152 4839 1274 4888 τῶν
1317 4839 1732 4901 γραμματικῶν.
1802 4834 2300 4899 «(ἶυνεζευγμένα»
2344 4836 2447 4888 οὖν
2494 4833 2751 4898 ὀνομάζει
2795 4835 2929 4887 τούς
2974 4850 3038 4888 τε

471 4902 674 4957 τόνους
712 4905 802 4957 καί
837 4904 972 4957 τοὺς
1011 4904 1263 4970 χρόνους,
1301 4904 1383 4958 ἐτι
1418 4919 1482 4968 γε
1521 4905 1630 4970 μὴν
1666 4904 1756 4957 καί
1792 4904 1865 4957 τὰ
1899 4903 2211 4971 πνεύματα,
2249 4904 2337 4956 ὅτι
2371 4906 2552 4956 ταῦτα
2586 4901 2774 4957 πάντα
2809 4904 2899 4956 καί
2934 4903 3041 4956 τὸν
