3664 5546
1574 157 1603 169 s

599 265 728 329 260
1539 263 1621 317 εκ
1660 263 1799 318 mn
1843 242 2254 318 ΗΡΩΔΙΑΝόΥ

598 436 784 500 πόλις
830 435 1170 500 Θεςςαλίας
1215 435 1505 502 ὀξύνεται
1553 462 1577 492 «
1597 435 1661 499 οἵ
1688 456 1757 501 τε
1789 435 1998 514 Φερὰς
2028 434 2336 515 ἐνέμοντο
2367 434 2566 511 παραὶ
2596 426 2897 513 Βοιβηΐδα
2928 434 3192 514 λίμνην»

599 539 674 619 (Β
722 535 891 617 711).
979 536 1111 602 ἀπὸ
1168 537 1454 617 Φέρητος
1507 542 1625 602 τοῦ
1685 538 1976 618 Κρηθέως
2031 539 2069 617 ἢ
2126 538 2336 616 Φερᾶς
2400 540 2511 614 τῆς
2567 535 2803 600 Αἰόλου
2859 536 3192 615 θυγατρός.

597 638 711 703 εἰςὶ
754 640 854 703 καὶ
897 637 1086 731 ᾄλλαι
1140 640 1359 718 Φεραί,
1390 640 1645 719 ἀρχαῖαι
1699 645 1830 705 τῶν
1887 645 2006 706 νῦν
2059 639 2289 717 Φερῶν
2344 638 2693 717 ἀπέχουςαι
2740 638 2960 703 ςτὰδια
3005 636 3192 703 ὀκτώ.

599 739 712 804 εἰςί
754 741 858 805 καὶ
901 740 1088 805 ἄλλαι
1136 742 1448 818 Ἰαπυγίας
1494 743 1596 806 καὶ
1637 741 1943 807 Αἰτωλίας
1988 742 2092 806 καὶ
2132 740 2540 819 Παρθυαίων.

536 848 569 897 5
767 843 864 908 Τὰ
907 842 996 908 εἰς
1052 847 1135 922 ρ-οῐ
1190 845 1755 924 μακροκατάληκτα
1808 845 2191 924 τριςύλλαβα
2234 834 2734 922 παραληγόμενα
2784 848 2875 926 τῷ
2919 845 2952 907 ἒ
2996 863 3189 922 μονο-

596 950 751 1022 γενῆ
812 946 1181 1029 βαρύνεται,
1235 945 1290 1011 εἰ
1347 948 1427 1025 μὴ
1484 946 1803 1010 ἑπιθετικὰ
1857 944 1992 1027 εἴη,
2048 945 2324 1028 ἡμέρα,
2381 944 2665 1023 ἀςκέρα
2720 942 2898 1009 εἶδος
2950 944 3189 1023 ὑποδή-

597 1067 826 1129 ματος,
873 1048 1242 1130 διφθέρα,
1289 1048 1608 1131 λακέρα,
1653 1049 1979 1130 χολέρα,
2011 1047 2330 1129 ἑςπέρα,
2377 1045 2663 1128 ὑπέρα,
2695 1045 2973 1128 ἀλέρα,
3004 1046 3190 1125 Τερ-

596 1149 794 1227 μέρα
837 1147 1114 1225 Ὠγύγου
1146 1151 1378 1232 μήτηρ,
1424 1150 1737 1230 κυςέρα,
1784 1150 2132 1228 Θεςκέρα
2175 1148 2213 1226 ἡ
2259 1149 2513 1228 τιθηνός
2543 1148 2891 1213 Διονύςου.
2948 1147 3191 1227 Ἱμέρα

594 1250 784 1314 πόλις
829 1249 1121 1315 (ικελίας.
1160 1250 1491 1321 ῙΕκαταῖος
1536 1250 1825 1333 Εὐρώπῃ.
1885 1250 2011 1316 ἔςτι
2056 1252 2158 1316 καὶ
2195 1250 2446 1331 Λιβύης,
2492 1249 2640 1328 μεθ’
2683 1249 2777 1314 ὧν
2808 1249 2911 1313 καὶ
2939 1250 3189 1313 Φιλω-

494 1353 562 1406 10
594 1351 779 1429 τέρα
838 1350 1026 1417 πόλις
1084 1353 1229 1430 περὶ
1270 1354 1386 1430 τὴν
1431 1352 1995 1435 Τρωγλοδυτικήν,
2052 1352 2338 1431 (ατύρου
2385 1351 2613 1429 κτίςμα.
2692 1351 3190 1430 Ἀπολλόδωρος

597 1455 667 1517 δὲ
712 1452 1103 1531 Φιλωτερίδα
1147 1456 1341 1518 καλεῖ.
1432 1452 1555 1517 ἔςτι
1611 1454 1713 1518 καὶ
1768 1454 1985 1532 κοίλης
2031 1453 2252 1532 (υρίας
2298 1451 2661 1533 Φιλωτέρα,
2723 1453 2814 1517 ὡς
2862 1453 3072 1530 Χάραξ
3117 1452 3189 1517 ἐν

596 1553 815 1640 ὀγδόῳ
861 1560 1196 1634 χρονικῶν.
1240 1555 1408 1647 τινξς
1453 1557 1523 1620 δὲ
1569 1556 1671 1619 καὶ
1713 1556 2105 1634 Φιλωτερίαν
2151 1556 2350 1633 αὐτὴν
2381 1555 2711 1632 εἰρήκαςιν.
2767 1554 2842 1618 τὸ
2889 1556 2959 1618 δὲ
3008 1555 3188 1619 Γλυ-

595 1657 783 1736 κερά
827 1656 1150 1739 ὀξύνεται,
1206 1657 1332 1721 εἴτε
1388 1658 1609 1735 κύριον
1665 1656 1792 1722 εἴτε
1849 1658 2202 1722 ἐπιθετικόν
2252 1656 2355 1735 εἴη
2416 1656 2506 1720 ῶς
2557 1657 2657 1719 καὶ
2701 1655 2925 1735 Ἱερά·
2984 1655 3191 1720 οὕτως

595 1759 719 1837 γὰρ
765 1757 996 1837 ἐκλήθη
1039 1757 1078 1835 ἡ
1124 1757 1368 1836 Τάρςος
1413 1758 1615 1824 πόλις.
1678 1760 1781 1823 καὶ
1824 1760 1902 1823 τὸ
1946 1779 2260 1838 περιςτε
2275 1757 2370 1836 ρὰ
2411 1758 2924 1837 τετραςύλλαβον
2968 1758 3070 1821 καὶ
3113 1758 3188 1821 τὸ

496 1859 560 1911 15
597 1860 1039 1938 Ἐλευθεραί
1084 1862 1522 1938 πληθυντικῶς
1568 1860 1936 1940 λεγόμενον.
1985 1861 2111 1925 ἔςτι
2149 1863 2220 1925 δὲ
2265 1859 2451 1924 πόλις
2484 1858 2788 1924 Βοιωτίας
2818 1858 2950 1924 ἀπό
2983 1860 3189 1924 Ἐλευ-

596 1963 791 2040 θῆρος
834 1965 951 2026 τοῦ
997 1961 1434 2027 Ἀπόλλωνος·
1479 1961 1606 2026 ἔςτι
1651 1963 1753 2037 καὶ
1801 1963 2041 2041 Κρήτης
2087 1962 2218 2026 ἀπὸ
2252 1962 2625 2041 Ἐλευθῆρος
2671 1961 2821 2027 ἑνὸς
2864 1966 2995 2026 τῶν
3030 1961 3190 2025 Κου-

596 2063 837 2144 ρήτων,
895 2063 1031 2140 ἥτις
1077 2063 1179 2127 καὶ
1223 2061 1483 2141 (ἀωρος
1530 2063 1818 2128 ἐκαλεῖτο
1865 2063 1996 2128 ἀπὸ
2043 2059 2302 2142 (α’ώρης
2347 2063 2617 2145 νύμφης.
2707 2063 2833 2128 ἔςτι
2878 2063 2980 2127 καὶ
3024 2062 3188 2141 ἄλλη

505 2223 517 2233 .
594 2163 700 2228 ἐπὶ
741 2171 832 2247 τῷ
860 2165 1077 2247 Ἴςτρῳ
1120 2170 1390 2247 ποταμῷ
1435 2165 1505 2229 ἐν
1550 2171 1641 2247 τῷ
1670 2165 1910 2249 Πόντῳ
1955 2165 2061 2229 διὰ
2104 2166 2180 2229 τό
2225 2165 2554 2244 φυγόντας
2585 2166 2815 2245 Αἰήτην
2858 2165 3014 2229 τοὺς
3043 2164 3191 2241 περὶ

594 2265 838 2331 Ἰάςονα
896 2264 1026 2329 ἐκεῖ
1089 2269 1209 2337 τοῦ
1274 2266 1488 2346 φόβου
1556 2266 2078 2345 ἑλευθερωθῆναι.
2167 2265 2293 2330 ἔςτι
2362 2268 2464 2331 καὶ
2522 2267 2709 2332 πόλις
2764 2266 2990 2332 Λυκίας
3055 2264 3188 2330 ἀπό

491 2365 561 2418 20
592 2387 766 2433 τινος
810 2367 1078 2447 νύμφης.
1806 2388 1813 2397 ·

764 2487 798 2522 ³*
846 2470 941 2534 Τὰ
1004 2469 1093 2533 εἰς
1146 2472 1279 2547 W
1337 2471 1865 2551 ύπερδιςύλλαβα,
1914 2474 2234 2550 μονογενῆ
2288 2472 2748 2554 παροξύνεται,
2804 2469 3186 2550 μερμήρα,

595 2571 957 2650 Ὀτρήρα,
1001 2571 1401 2650 Δαςλήρα·
1448 2572 1573 2636 ἔςτι
1619 2574 1689 2636 δὲ
1735 2572 1946 2651 ὄνομα
1977 2573 2229 2655 λίμνης,
2273 2573 2634 2652 μενδήρα.
2679 2573 2755 2636 τὸ
2787 2573 2858 2636 δὲ
2888 2568 3188 2649 Αἱμηρά

593 2674 696 2736 καὶ
747 2671 1043 2750 Λιμηρά
1087 2671 1404 2736 ἐπιθετικὰ
1447 2672 1640 2737 ἐςτιν·
1708 2674 1916 2739 οὕτως
1972 2676 2094 2753 γὰρ
2153 2675 2441 2738 ἐκαλεῖτο
2489 2674 2892 2754 Ἐπίδαυρος,
2943 2671 3186 2752 Αἱμηρά

595 2777 707 2854 μὲν
764 2773 869 2839 διὰ
920 2775 995 2838 τὸ
1053 2779 1331 2853 ςυνεχῶς
1385 2775 1775 2853 αἱμάςςεςθαι
1832 2779 1949 2842 τὸν
2006 2777 2223 2855 βωμὸν
2276 2781 2393 2842 τοῦ
2439 2777 2814 2856 Ἀςκληπιοῡ
2871 2775 3000 2839 ὑπὸ
3051 2778 3184 2838 τῶν

490 2888 557 2938 25
593 2880 855 2958 θυςιῶν,
899 2875 1141 2954 Λιμηρά
1185 2878 1257 2940 δὲ
1303 2875 1857 2957 οἱονεὶλιμενηρά
1899 2900 1992 2944 τις
2038 2877 2212 2944 οὖςα.
2299 2879 2466 2944 τινὲς
2523 2880 2593 2943 δὲ
2637 2876 2921 2956 Λιμηρὰν
2967 2877 3184 2961 Λακω-

593 2978 773 3055 νικὴν
825 2977 1076 3052 λέγουςι
1123 2977 1267 3054 μίαν
1311 2978 1713 3048 τῶν“,ἑκατόν
1758 2981 1864 3044 διὰ
1905 2982 1981 3045 τὸ
2025 2980 2315 3045 πολλοὺς
2359 2979 2530 3059 ἔχειν
2578 2980 2849 3057 λιμένας.

761 3099 798 3133 κ·
846 3077 941 3142 Τὰ
996 3078 1085 3150 εἰς
1139 3079 1221 3156 ρ-α
1262 3077 1618 3160 ’διςύλλαβα
1674 3084 1997 3159 μονογενῆ
2053 3089 2144 3164 τῷ
2201 3085 2238 3145 ὅ
2305 3080 2805 3160 παραληγόμενα
2869 3080 3184 3162 ὀξύνεται,

594 3179 876 3261 ςπορά,
921 3179 1216 3262 φθορά,
1264 3182 1488 3264 δορὰ,
1535 3183 1777 3264 φορά,
1823 3182 2036 3260 Θορά
2076 3184 2289 3265 ξδῆμος
2335 3183 2609 3248 Ἀττικὸς
2665 3187 2776 3261 τῆς
2821 3182 3181 3261 Ἀκαμαντί-

593 3285 706 3345 δος
760 3284 1001 3362 φυλῆς,
1058 3281 1201 3359 μεθ’
1257 3281 1350 3346 ὧν
1407 3284 1508 3347 καὶ
1559 3282 1809 3362 ἀγορά
1867 3284 2297 3364 τριςύλλαβον.
2396 3283 2523 3349 ἔςτι
2581 3286 2652 3348 δὲ
2710 3285 2813 3349 καὶ
2866 3283 3054 3348 πόλις
3110 3282 3181 3347 ἐν

489 3396 557 3447 30
594 3383 991 3465 Χερρονήςῳ.
2811 3361 2829 3384 ’

760 3508 797 3542 4*
843 3484 936 3549 Τὰ
978 3484 1068 3549 εἰς
1111 3488 1193 3563 βᾶ
1236 3486 1578 3567 διςύλλαβα
1622 3493 1712 3571 τῷ
1760 3509 1795 3549 υ
1840 3485 2340 3566 παραληγόμενα
2385 3488 2749 3568 βαρύνεται·
2796 3487 2898 3551 καὶ
2942 3487 3019 3551 τό
3063 3486 3178 3565 μὲν

590 3589 846 3666 ςφῦρα
891 3586 1296 3662 ἑκτεῖνοντό
1342 3589 1378 3648 fi
1424 3590 1526 3652 καὶ
1571 3589 1913 3653 ςυςτέλλον
1958 3590 2034 3652 τὸ
2081 3593 2121 3651 ᾶ
2165 3594 2700 3671 προπεριςπᾶται,
2745 3577 2821 3653 τὸ
2865 3589 2940 3652 δὲ
2986 3588 3181 3666 λύρα

721 3877 755 3925 l.
792 3879 824 3927 ὃ
868 3894 1135 3928 canonem
1178 3895 1247 3942 ¹ex
1292 3877 1484 3927 Arcad.
1535 3880 1657 3940 101,
1705 3883 1736 3927 3
1781 3878 1887 3927 hue
1931 3878 2210 3930 transtuli.
2289 3878 2496 3942 λακὲρα
2543 3878 2826 3928 Lobeckio
2872 3877 3039 3927 Pron.
3076 3877 3178 3927 262

587 3944 798 4009 pariter
833 3946 1083 4010 ignotum
1120 3951 1206 3996 est
1241 3951 1408 4010 atque
1444 3943 1617 4008 ἀκέρα
1664 3943 1874 4007 ἐνδυμά
1918 3960 1972 3996 τι
2009 3945 2320 3997 πολυτελές
2365 3963 2453 4011 ap.
2492 3946 2732 4010 Hesych.
2769 3973 2833 3981 -—
2869 3943 3076 4009 χολέρα
3110 3971 3178 3979 -

586 4010 832 4076 Θεεκέρα
868 4019 997 4063 sunt
1033 4031 1099 4064 ex
1136 4014 1381 4077 Theogn.
1420 4015 1544 4072 101,
1585 4014 1647 4061 16
1685 4018 1743 4061 et
1780 4015 1904 4074 106,
1943 4016 2035 4076 30,
2085 4012 2366 4078 Τερμέρα,
2415 4013 2561 4079 quod
2611 4030 2678 4063 ex
2717 4015 2796 4067 St,
2833 4015 2896 4066 B.
2939 4011 3178 4077 explevi,

587 4096 683 4145 pro
729 4078 987 4146 Τρομέρα
1036 4088 1091 4131 et.
1136 4079 1336 4144 κυςέρα
1392 4096 1488 4145 pro
1535 4078 1738 4144 κυδέρα
1786 4084 2072 4146 proposuit
2119 4083 2252 4132 Lob.
2299 4082 2465 4133 Proll.
2516 4084 2616 4132 262
2665 4087 2777 4133 not.
2816 4084 2899 4131 20.
2980 4078 3174 4142 Ἱμέρα,

586 4146 882 4212 Φιλωτέρα
919 4151 1104 4213 recepi
1142 4165 1209 4197 ex
1246 4151 1325 4198 St.
1364 4150 1456 4211 Β.,
1494 4145 1631 4212 Ἱερά
1667 4165 1732 4198 ex
1772 4148 1982 4198 eodem.
2059 4147 2370 4214 Ἐλευθεραί
2407 4148 2682 4214 explicavi
2718 4164 2785 4198 ex
2819 4147 2900 4198 St.
2935 4148 2999 4196 B.
3069 4147 3178 4195 Ex-

588 4221 700 4266 stat
735 4233 910 4266 canon
950 4217 1116 4265 etiam
1151 4233 1244 4280 ap.
1282 4215 1477 4266 Choer.
1516 4216 1619 4281 Ep.
1652 4217 1710 4264 in
1748 4216 1950 4266 Psalm.
1990 4220 2082 4280 39,
2121 4220 2212 4267 12:
2259 4216 2331 4269 τὰ
2368 4214 2445 4268 εἰ(
2480 4231 2550 4280 pu
2587 4214 2804 4280 θηλυκὰ
2839 4213 3176 4278 τριεύλλαβα

585 4281 1091 4349 μακροκατάληκτα
1146 4281 1586 4347 παραληγόμενα
1628 4286 1714 4349 τῷ
1751 4287 1810 4347 “ε“,
1860 4286 2141 4347 μονογενῆ
2190 4284 2357 4347 ὄντα,
2405 4283 2726 4336 ὀξύνονται’
2774 4283 2865 4334 καὶ
2909 4281 2979 4334 τὸ
3025 4295 3175 4346 περι-

584 4349 775 4416 ςτερά,
815 4350 902 4401 ὅτι
939 4350 1085 4415 ὑπὲρ
1118 4353 1266 4413 τρεῖς
1304 4348 1593 4414 ςυλλαβάς.
1802 4353 1838 4404 l.
1878 4355 1938 4403 21
1992 4368 2256 4403 canonem
2292 4352 2425 4401 finxi
2462 4368 2529 4402 ex
2563 4352 2811 4417 Theogn.
2852 4353 2963 4414 107,
3005 4353 3068 4401 16
3104 4350 3176 4400 cf.

583 4421 718 4470 Lob.
758 4417 926 4470 Proll.
962 4420 1078 4471 264.
1152 4416 1419 4483 Δαςλήρα
1467 4420 1689 4485 explevi
1736 4436 1805 4469 ex
1841 4421 1906 4473 E.
1944 4422 2019 4473 Μ.
2058 4423 2188 4483 2495
2218 4423 2304 4476 15.
2352 4420 2444 4485 qui
2489 4420 2641 4471 loeus
2687 4423 2937 4484 sumptus
2984 4422 3071 4468 est
3107 4433 3176 4467 ex

584 4487 723 4537 libro
762 4486 888 4549 περὶ
924 4485 1238 4538 ςυντάξεως
1275 4484 1580 4550 ςτοιχείων.
1651 4484 1869 4551 Αἱμηρά
1904 4495 1963 4539 et
1999 4485 2214 4552 Λιμηρά
2252 4504 2318 4537 ex
2354 4489 2436 4537 St.
2474 4487 2536 4537 B.
2572 4488 2774 4538 adieci.
2911 4487 2947 4539 1.
2984 4488 3051 4537 27
3086 4500 3175 4534 ca-

583 4570 780 4604 nonem
835 4570 901 4604 ex
946 4554 1193 4619 Theogn.
1232 4557 1355 4614 107,
1394 4558 1460 4606 20
1506 4554 1664 4615 finxi;
1719 4553 1874 4619 Θορά
1909 4555 2129 4622 explevi
2177 4571 2244 4605 ex
2290 4556 2370 4608 St.
2411 4556 2497 4619 13„
2553 4556 2646 4606 ubi
2684 4552 2861 4619 Θοραί
2905 4559 3176 4618 oxytonos

579 4622 882 4686 profertur,
930 4637 1093 4686 quum
1140 4623 1200 4671 in
1241 4622 1307 4674 E.
1346 4624 1419 4673 M.
1463 4624 1590 4678 453.
1626 4624 1690 4671 21
1737 4627 1795 4672 et
1842 4639 1927 4689 ap.
1973 4625 2304 4689 Harpocrat.
2353 4629 2725 4688 paroxytonoe
2770 4623 3036 4688 seriptum
3083 4621 3176 4674 sit.

585 4691 763 4739 Verba
801 4688 932 4752 μεθ’
969 4687 1054 4738 ὧν
1090 4689 1181 4740 καὶ
1217 4686 1394 4754 ἀγορά
1428 4688 1796 4754 τριςύλλαβον
1831 4690 1953 4756 ipse
1992 4690 2184 4741 addidi
2219 4690 2407 4740 urbem
2445 4706 2513 4741 ex
2550 4692 2632 4742 St.
2668 4694 2732 4742 B.
2771 4703 3073 4756 apponens,

578 4755 611 4807 1.
649 4761 709 4806 31
749 4758 896 4807 huno
933 4773 1201 4808 canonem
1235 4758 1351 4822 ipse
1392 4758 1673 4823 composui
1709 4773 1776 4807 ex
1811 4757 2001 4809 Diehr.
2037 4760 2156 4821 288,
2191 4759 2225 4807 4
2261 4762 2318 4807 et
2352 4758 2500 4809 Mon.
2540 4761 2622 4824 17,
2659 4761 2752 4821 24,
2790 4759 2909 4808 ubi:
2949 4756 3174 4820 λέγεται
