3664 5546
1127 365 1286 423 περι
1328 364 1722 423 κΑοοΛικι-ις
1758 365 2181 423 προςΩιΔιΑς
2223 367 2295 422 ις.
2884 366 3011 433 431

418 540 811 618 περιςπᾶται.
869 536 1022 603 ὅθεν
1054 537 1124 602 ἐν
1155 544 1232 622 τῇ
1264 538 1541 604 ςυνθέςει
1573 536 1860 614 εὐλόγως
1891 537 2218 619 ἀνεβίβαςε
2260 538 2382 602 τὸν
2423 537 2624 603 τόνον
2669 536 3011 621 ἀπόδος,

419 640 779 723 κατάθες,
824 638 1163 721 ἑπίςχες,
1211 638 1563 721 ἑπίςπες,
1607 639 1846 717 πρόες
1904 639 2112 704 «ἀλλὰ
2166 640 2240 704 ςὺ
2297 640 2412 719 μὲν
2467 643 2587 705 νῦν
2642 642 2836 717 τήνδε
2880 643 3009 722 θεῷ

418 741 655 820 πρόες»
698 742 776 824 (Α
810 739 988 824 127),
1034 740 1383 820 ἐπίφρες.
1452 741 1797 819 διςύλλαβα
1826 744 1898 805 δὲ
1941 741 2017 805 τὸ
2063 740 2274 822 ἐλθέ,
2318 739 2529 822 εὑρέ,
2576 740 2780 823 εἰπέ,
2824 739 2867 804 ἃ
2908 741 3012 804 καὶ

370 905 376 915 ,
419 842 580 907 αὐτὰ
636 843 1017 908 ςυντεθέντα
1075 842 1233 907 κατὰ
1297 842 1490 922 φύειν
1545 842 1746 922 βαρὺν
1803 839 2120 922 ἀπείληφε
2171 842 2290 907 τὸν
2352 826 2584 926 τ’όνον,
2648 843 3009 924 κάτελθε,

419 943 711 1027 ἔξειπε,
773 943 1081 1025 ἔφευρε.
1166 945 1243 1012 ,τὸ
1301 945 1373 1008 δὲ
1429 944 1616 1023 λαβέ
1670 942 1770 1008 καὶ
1824 941 1943 1007 ἰδέ
2000 943 2355 1024 ὀξυνόμενα
2398 944 2643 1009 Ἀττικά
2697 943 2841 1009 ἑςτι.
2925 943 3068 1008 τα5

417 1046 541 1124 γὰρ
586 1046 772 1110 κοινὰ
815 1046 1065 1111 τούτων
1112 1043 1466 1125 βαρύνεται.
1538 1048 1740 1109 ταῦτα
1783 1046 1901 1125 μὲν
1945 1043 2017 1109 ἐν
2068 1050 2566 1124 προςτακτικοῖς.
2640 1046 2711 1111 ἐν
2757 1047 2829 1109 δὲ
2874 1044 3006 1124 ὁρι-

416 1150 650 1211 ςτικοῖς
692 1148 767 1212 τὸ
812 1147 955 1225 χρή
1003 1147 1125 1211 «οὐ
1177 1148 1297 1225 χρὴ
1350 1146 1709 1225 παννύχιον
1754 1145 1967 1211 εὕδειν
2013 1148 2430 1227 βουληφόρον
2473 1146 2719 1226 ἄνδρα»
2762 1147 2839 1228 (Β
2873 1145 3007 1227 24).

417 1249 521 1311 καὶ
563 1248 639 1312 τό
685 1248 874 1327 φημί
917 1249 1020 1313 καὶ
1064 1247 1217 1327 εἰμί
1258 1249 1363 1312 καὶ
1388 1248 1469 1311 τὰ
1496 1248 1749 1312 τούτων
1779 1248 2118 1332 κινήματα,
2162 1250 2315 1333 φῄς
2359 1248 2574 1332 φηςί,
2618 1247 2780 1326 ὅπερ
2810 1248 3006 1312 πάλιν

418 1348 757 1413 ἀποκοπὲν
822 1347 1138 1416 ὀξύνεται·
1213 1350 1290 1414 τὸ
1350 1351 1474 1427 γὰρ
1541 1352 1687 1429 «φὴ
1750 1350 2041 1415 ἐκεῖνος»
2102 1349 2247 1417 ἀντί
2303 1354 2421 1414 τοῦ
2485 1350 2653 1431 φηςί.
2749 1349 3006 1429 φατόν

416 1449 676 1531 φατόν
733 1452 990 1531 φαμέν
1046 1450 1243 1532 φατέ
1296 1450 1530 1531 φαςίν
1586 1452 1686 1515 καὶ
1743 1453 1821 1517 τὸ
1880 1451 2121 1518 τούτου
2175 1456 2635 1531 προςτακτικοῦ
2701 1452 3006 1529 δεύτερον
3047 1463 3111 1515 10

417 1551 608 1631 φαθί
653 1550 743 1616 ὡς
786 1553 946 1631 παρ’
992 1553 1433 1633 Ἀριςτοφάνει
1479 1550 1679 1638 (qu.
1724 1551 1840 1635 22)

1746 1654 2033 1722 ἑξόπιςθε
2076 1658 2196 1726 νῦν

1226 1756 1388 1822 αὐτὸ
1434 1757 1594 1837 φαθὶ
1634 1760 1765 1821 ποῦ
1810 1757 2109 1837 μόλωμεν
2231 1755 2238 1758 ’

419 1856 593 1921 οὕτω
648 1856 1028 1937 ἐπεκράτηςε
1086 1858 1388 1933 λέγεςθαι.
1488 1858 1684 1922 πάλιν
1749 1858 1932 1941 εἰμί,
2000 1857 2114 1924 εἴς
2181 1858 2488 1940 «αἵματός
2552 1858 2644 1924 εἰς
2687 1858 3001 1936 ἀγαθοῖο»

416 1959 483 2041 (δ
526 1958 712 2042 611),
746 1959 943 2042 Δἑςςί,
989 1959 1176 2041 ἑςτί,
1235 1959 1496 2042 ἐςτόν,
1554 1959 1812 2043 ἑςτόν,
1867 1960 2133 2043 ἑςμέν,
2190 1961 2354 2026 ἐςτέ
2410 1960 2568 2026 εἰςί.
2651 1962 2758 2026 καὶ
2807 1964 3007 2026 ταῦτα
3041 1974 3108 2026 15

417 2060 519 2143 δέ,
566 2061 736 2138 λέγω
783 2063 861 2140 δὴ
903 2062 983 2152 τὸ
1026 2060 1186 2141 φημί
1229 2062 1332 2125 καὶ
1363 2059 1515 2144 εἰμί,
1560 2062 1974 2141 ςυντιθέμενα
2019 2063 2356 2142 βαρύνεται
2401 2064 2778 2145 ςύμφημι,
2826 2063 3004 2128 ςύν-

428 2181 595 2243 ειμι.
683 2161 774 2227 ἔτι
840 2164 942 2227 καὶ
999 2165 1076 2228 τὸ
1143 2162 1303 2246 ἠμί,
1360 2162 1523 2242 ὅπερ
1577 2164 1817 2229 ταύτὸν
1871 2164 2135 2229 δύναται
2201 2169 2294 2249 τῷ
2356 2164 2518 2245 φημί
2580 2200 2660 2211 --
2729 2164 3004 2242 Ἀριςτο-

411 2384 635 2436 videtur
668 2382 803 2435 ςπὲς
838 2384 927 2435 vel
964 2382 1105 2449 φρές
1141 2382 1224 2446 ἕς,
1263 2400 1424 2450 porro
1460 2383 1496 2434 1.
1532 2387 1562 2435 ’1
1599 2383 1705 2450 χρή
1744 2400 1862 2436 cum
1901 2383 2152 2450 exemplo
2187 2400 2254 2434 ex
2289 2383 2486 2436 Choer.
2508 2384 2636 2450 494,
2671 2387 2740 2436 29
2772 2389 3006 2450 sumpto,

415 2468 483 2502 ex
530 2453 719 2503 eodem
766 2451 803 2501 1.
851 2452 918 2503 32
963 2452 1269 2517 exemplum
1313 2453 1539 2503 Homeri
1585 2453 1655 2502 ad
1702 2451 1880 2516 πρόες
1923 2454 2177 2519 apposui.
2222 2479 2289 2490 -
2349 2451 2385 2501 1.
2421 2453 2455 2502 9
2509 2460 2634 2518 post
2688 2452 2771 2517 φὴ
2818 2452 3010 2502 addidi

414 2516 627 2570 ἐκεῖνος
674 2533 739 2568 ex
785 2518 908 2571 Arc.
957 2521 1081 2582 143,
1129 2521 1214 2572 24.
1259 2545 1329 2557 —
1372 2519 1407 2570 l.
1448 2522 1508 2568 11
1556 2519 1626 2569 ad
1672 2516 1811 2584 φαθί
1857 2520 2230 2570 testimonium
2273 2519 2660 2584 Aristophanis
2706 2520 2892 2571 adieci
2938 2536 3007 2570 ex

415 2586 612 2638 Choer.
649 2588 776 2648 494,
822 2588 889 2635 25
933 2591 990 2635 et
1029 2585 1204 2636 verba
1238 2584 1394 2636 οὕτω
1440 2584 1785 2652 ἐπεκράτηςε
1822 2586 2079 2649 λέγεςθαι
2113 2603 2180 2638 ex
2216 2586 2413 2638 Arcad.
2451 2588 2576 2648 143,
2622 2589 2705 2638 26.
2752 2613 2822 2625 -
2864 2588 2899 2638 l.
2942 2590 3004 2638 14

415 2653 488 2702 ad
533 2651 613 2704 εἷς
657 2653 831 2704 verba
876 2653 1173 2703 Homerica
1217 2652 1411 2703 addidi
1456 2670 1523 2704 ex
1569 2654 1714 2709 Mon.
1762 2658 1856 2718 44,
1894 2659 1985 2707 23:
2041 2654 2208 2707 οὐδὲν
2254 2652 2334 2706 εἰ(
2377 2656 2456 2706 Ξῖ(
2505 2654 2683 2720 λῆγον
2735 2653 3005 2720 δεύτερον

294 2745 300 2753 -
414 2719 725 2785 πρόςωπον
762 2717 1046 2785 ὀξύνεται,
1084 2718 1229 2771 ἀλλὰ
1265 2719 1442 2784 μόνον
1476 2720 1547 2771 τὸ
1584 2719 1663 2772 εἴς
1701 2719 1983 2786 «αἵματός
2021 2720 2098 2776 εἰς
2134 2721 2424 2786 ἀγαθοῖο».
2449 2750 2516 2758 -
2554 2723 2620 2775 de
2659 2721 2742 2776 εἷς
2778 2724 3005 2773 circum-

412 2789 554 2839 flexo
589 2790 691 2854 Ep.
729 2789 817 2838 Cr.
854 2788 884 2839 1
918 2790 1044 2850 432,
1091 2792 1156 2840 31
1201 2789 1272 2840 τὸ
1318 2787 1402 2840 εἷς
1449 2788 1602 2854 παρὰ
1645 2789 1715 2841 τὸ
1763 2789 1876 2854 εἶμι
1912 2790 1982 2842 τὸ
2019 2790 2332 2855 πορεύομαι
2377 2793 2709 2855 περιςπᾶται
2746 2790 2826 2843 ὡς
2861 2790 3006 2856 παρ’

413 2854 647 2921 Ἡςιόδῳ
686 2856 796 2922 (op.
833 2855 957 2921 206)
993 2858 1064 2924 τῇ
1102 2855 1163 2907 δ’
1200 2854 1283 2909 εἷς
1318 2856 1352 2923 ᾗ
1391 2855 1448 2908 ς’
1482 2854 1553 2908 ἂν
1599 2855 1824 2923 εγώπερ
1869 2855 1993 2921 ἄγω
2039 2858 2131 2910 καί
2176 2857 2369 2910 ἀοιδὸν
2414 2856 2631 2911 tuocum.
2703 2860 2770 2910 de
2818 2858 2872 2910 εἶ
2906 2875 3004 2926 pro

414 2922 496 2974 εἷς
534 2924 682 2974 infra
719 2923 949 2975 dicetur.
1017 2924 1090 2974 ad
1126 2922 1225 2989 ἠμί
1262 2924 1497 2990 apposui
1534 2925 1570 2979 l.
1612 2928 1672 2975 17
1712 2925 2117 2991 Ἀριστοφάνης
2152 2954 2218 2961 -
2253 2926 2305 2979 Δ
2339 2928 2440 2977 419
2475 2943 2543 2977 ex
2580 2924 2776 2980 Choer.
2812 2929 2927 2989 495,
2956 2930 3003 2982 1.

412 3017 477 3028 -
516 2990 880 3043 Ohoeroboso.
906 2993 1025 3056 493,
1056 2994 1118 3041 12
1155 3006 1405 3055 oausam,
1444 3007 1543 3043 cur
1576 2994 1749 3044 verba
1785 2995 1845 3043 in
1880 2995 1934 3044 ιῖῑ
1968 2994 2297 3059 oxytoneein
2333 3000 2625 3059 respuant,
2662 2994 2806 3044 hanc
2843 2995 3005 3045 nimis

410 3059 572 3124 longe
609 3060 905 3124 repetitam
928 3060 1168 3126 profert:
1205 3057 1277 3111 τὰ
1301 3056 1380 3111 εἰς
1416 3062 1467 3111 ’ὤ
1492 3059 1742 3124 λήγοντα
1766 3060 1991 3126 ῥήματα
2016 3060 2468 3127 ἀποστρέφονται
2491 3061 2600 3127 τὴν
2625 3060 2813 3114 ὀξεῖαν
2846 3060 3005 3113 τάςιν

411 3125 554 3190 πρὸς
588 3126 887 3191 διαςτολὴν
931 3128 1055 3178 τῶν
1100 3124 1182 3179 εἰς
1226 3128 1278 3179 ’ὦ
1323 3128 1589 3193 θηλυκῶν
1635 3127 1953 3191 ὀνομάτων.
2021 3129 2095 3181 τὰ
2136 3128 2244 3193 γὰρ
2291 3127 2368 3181 εἰς
2404 3132 2455 3180 ὤ
2500 3129 2751 3193 λήγοντα
2787 3127 3003 3194 θηλυκὰ

411 3192 708 3245 ὀξύνονται
730 3196 853 3245 τῶν
877 3193 1150 3259 ῥημάτων
1176 3210 1213 3258 μ
1277 3194 1638 3258 ὀξυνομένων
1663 3193 1788 3247 οἷον
1822 3194 1994 3250 κλείω
2022 3196 2230 3260 Κλειώ,
2258 3196 2499 3261 καλύψω
2527 3196 2793 3261 Καλυψώ,
2821 3194 3001 3248 πείθω

409 3260 618 3325 πειθώ,
668 3260 805 3314 εἴκω
850 3261 985 3314 είκώ
1031 3262 1175 3314 «τὰς
1212 3277 1239 3314 ε
1263 3261 1398 3313 κοὺς
1432 3264 1554 3314 τῶν
1691 3262 1917 3319 έλεων»
1962 3262 2153 3330 (Arist.
2191 3266 2372 3316 Nubb.
2406 3263 2556 3329 559)·
2615 3263 2752 3317 εἴκω
2789 3263 2851 3316 δέ
2889 3262 3003 3317 ἐςτι

409 3327 479 3379 τὸ
517 3327 725 3393 όμοιῶ,
774 3326 908 3380 εἰκώ
953 3328 1015 3381 δὲ
1050 3328 1086 3391 ή
1126 3327 1314 3381 εἰκών.
1382 3329 1454 3382 τὰ
1498 3329 1602 3382 οὖν
1646 3345 1673 3383 ε
1697 3345 1724 3383 ς
1768 3335 1821 3383 ’ὤ
1866 3330 2118 3397 λήγοντα
2160 3329 2385 3397 ῥήματα
2433 3330 2687 3394 εὐλόγως
2732 3330 3001 3397 ἀποςτρέ-

410 3410 618 3460 φονται
652 3397 763 3461 τὴν
808 3396 996 3449 ὀξεῖαν
1040 3395 1198 3449 τάςιν
1228 3396 1387 3462 ,πρὸς
1431 3397 1885 3465 ἀντιδιαςτολήν,
1933 3399 2013 3453 ὡς
2058 3398 2300 3466 εἴρηται,
2344 3401 2467 3451 τῶν
2513 3397 2591 3452 εἰς
2639 3404 2688 3451 ’ὠ
2734 3400 3001 3465 θηλυκῶν

410 3462 728 3527 ὀνομάτων.
811 3461 1048 3517 εἰκότως
1093 3464 1185 3517 καὶ
1228 3464 1301 3517 τὰ
1347 3463 1404 3518 ἐξ
1448 3465 1643 3517 αὐτῶν
1686 3466 1994 3531 κλινόμενα
2038 3467 2130 3519 καὶ
2171 3466 2245 3519 τὰ
2290 3466 2347 3521 ἐξ
2392 3465 2589 3519 αὐτῶν
2633 3466 3001 3532 παραγόμενα

407 3529 632 3596 ῥήματα
675 3529 1130 3596 ἀποςτρέφονται
1173 3531 1282 3598 τὴν
1328 3532 1517 3585 ὀξεῖαν
1558 3532 1731 3586 τάςιν.
1774 3562 1843 3571 -
1887 3536 2217 3587 observatio
2264 3534 2332 3586 de
2377 3534 2732 3601 δαςμοφορέν
2777 3536 3003 3587 transiit

410 3600 577 3651 etiam
602 3600 659 3649 in
677 3600 742 3650 E.
763 3601 837 3653 M.
857 3602 974 3663 249,
994 3602 1084 3651 29:
1111 3599 1513 3665 δαςμοφορεῖνε
1540 3604 1716 3653 τοῦτο
1741 3600 2068 3666 ἀποβάλλον
2093 3601 2163 3654 τὸ
2183 3606 2217 3655 ἶ
2240 3601 2394 3668 παρὰ
2415 3606 2535 3654 τοῖς
2554 3603 2832 3669 Δωριεῦςι
2854 3600 3001 3666 γίνε-

408 3680 498 3717 ται
524 3663 677 3732 ὀξείᾳ
699 3665 853 3718 τάςει
884 3666 1252 3733 ὀαςμοφορέν.
1302 3669 1498 3722 Choer.
1522 3672 1642 3732 495,
1668 3674 1732 3723 33
1759 3677 2044 3737 comparat
2068 3676 2296 3736 propter
2321 3671 2542 3749 elligsin
2565 3673 2670 3722 τοο
2697 3673 2732 3722 ῖ
2757 3668 3001 3736 ςυρίςδες

408 3751 506 3801 pro
532 3731 775 3799 ςυρίζεις.
793 3760 860 3770 —-
878 3736 962 3784 De
990 3737 1333 3801 imperativis
1357 3737 1751 3802 monosyssabis
1773 3738 1846 3788 ef.
1866 3740 2012 3789 Mon.
2034 3740 2119 3803 24,
2137 3741 2201 3789 21
2226 3738 2300 3789 τὰ
2326 3736 2406 3791 εἰς
2432 3753 2460 3790 ς
2485 3737 2737 3803 λήγοντα
2762 3753 3002 3804 προςτα-

409 3801 570 3855 κτικὰ
606 3800 993 3866 μονοςύλλαβά
1030 3801 1143 3854 ἑςτι
1178 3803 1363 3855 καὶτὸ
1397 3806 1431 3856 ἐ’
1455 3804 1594 3869 ἔχει,
1633 3803 1716 3870 ἕς,
1755 3805 1920 3858 ἐνθεν
1953 3805 2024 3857 τὸ
2061 3804 2230 3872 ἄφες,
2269 3806 2468 3870 πρόες,
2506 3805 2628 3872 θές,
2665 3804 2822 3871 ςπές,
2859 3806 2999 3872 φρές

408 3868 649 3921 «ἐνθάδ’
685 3867 907 3935 εἴςφρες
954 3869 1019 3933 μ’
1054 3870 1133 3923 ὡς
1178 3870 1248 3923 τὸ
1297 3871 1743 3937 μειρακύλλιον».
1815 3874 2121 3938 ςημειῶδες
2164 3873 2234 3925 τὸ
2279 3873 2376 3926 δός
2423 3873 2600 3938 μόνον
2644 3874 2715 3926 τὸ
2751 3878 2816 3927 οἳ
2850 3874 2999 3938 ἔχον.

407 3935 559 3991 αἰτία
594 3936 655 3989 δὲ
692 3936 729 4000 ἡ
767 3934 1003 4003 ςυζυγία.
1039 3966 1105 3974 -
1151 3940 1235 3989 De
1270 3940 1563 4004 bisyllabis
1608 3941 1951 4006 imperativis
1998 3944 2256 4007 oxytonis
2303 3943 2375 3996 cf.
2421 3944 2489 3993 11.
2525 3944 2616 3993 Pr.
2654 3940 2696 3993 Α
2732 3945 2826 3994 85:
2870 3940 2999 4006 τρία

408 4002 508 4057 είςί
552 4005 625 4056 τὰ
670 4003 733 4055 ἐν
770 4008 849 4070 τῇ
895 4009 1056 4072 κοινῇ
1103 4004 1415 4069 ὀξυνόμενα
1460 4006 1615 4072 ἐλθέ,
1663 4007 1819 4074 εὑρέ,
1868 4006 2009 4061 εἰπέ.
2079 4006 2236 4061 ἰδίως
2282 4009 2344 4061 δὲ
2388 4008 2480 4060 καὶ
2521 4023 2630 4072 μακ
2668 4012 2703 4076 ᾅ
2747 4010 2934 4073 παραλ
2976 4039 2997 4048 -

406 4087 598 4135 γοντα.
671 4070 913 4124 Ἀττικοὶ
959 4073 1021 4125 δὲ
1066 4073 1157 4124 καὶ
1214 4072 1307 4125 ἐπὶ
1352 4075 1474 4125 τῶν
1527 4075 2081 4141 βραχυκαταλήκτων
2133 4075 2388 4129 ὀξύνουςι
2440 4075 2510 4127 τὸ
2566 4074 2616 4127 ίδ
2702 4075 2793 4126 καὶ
2847 4076 2950 4138 λαβ
2986 4115 2996 4126 .

408 4141 605 4192 Choer.
642 4142 767 4199 494,
813 4143 876 4191 31
917 4149 972 4192 et
1003 4144 1131 4204 495,
1178 4145 1261 4192 29.
1311 4169 1374 4178 -
1417 4142 1503 4193 De
1547 4143 1654 4207 χρή
1693 4144 1892 4198 Choer.
1927 4146 2057 4210 494,
2096 4147 2163 4196 28
2209 4146 2334 4208 (An.
2378 4144 2556 4195 Pax-ie.
2590 4144 2677 4195 111
2711 4146 2839 4206 341,
2881 4144 2994 4208 14):

405 4207 475 4259 τὸ
512 4206 620 4273 χρή
658 4205 1107 4271 ὀξυτονούμενον
1151 4207 1351 4271 γέγονε
1395 4212 1608 4262 τοῦτον
1651 4209 1758 4261 τὸν
1801 4210 2035 4275 τρόπον.
2104 4210 2218 4262 ἔςτι
2263 4212 2455 4275 χρῆμι,
2502 4209 2664 4276 χρής,
2711 4208 2870 4275 χρηςί
2906 4210 2998 4262 καὶ

405 4275 552 4328 κατὰ
587 4273 890 4340 ἀποκοπὴν
933 4272 1147 4338 γίνεται
1192 4275 1300 4341 χρή
1345 4276 1808 4340 ὸξυτονούμενον.
1879 4279 1982 4343 Ep.
2023 4279 2114 4331 Or.
2150 4280 2176 4328 1
2209 4280 2338 4342 433,
2375 4281 2441 4328 29
2486 4276 2574 4329 διὰ
2615 4275 2673 4329 τί
2708 4277 2993 4341 ὀξύνεται;

405 4347 555 4395 πᾶςα
590 4341 733 4397 λέξις
769 4342 1093 4407 διςύλλαβος
1129 4342 1192 4395 ἐν
1226 4342 1426 4409 ῥήμαςι
1464 4342 1514 4397 εἰ
1552 4345 1654 4409 μὲν
1691 4345 1804 4409 ἔχει
1839 4345 1948 4410 τὴν
1984 4343 2099 4396 ἀπὸ
2135 4343 2309 4410 ἀρχῆς
2344 4343 2849 4411 ἀποκοπτομένην,
2883 4346 2995 4411 τὴν

407 4409 976 4476 καταλιμπανομένην
1021 4411 1302 4475 ςυλλαβὴν
1345 4416 1612 4479 περιςπᾷ,
1660 4411 1709 4482 εἰ
1753 4412 1813 4465 δὲ
1856 4413 1965 4478 τὴν
2019 4411 2135 4465 ἀπὸ
2180 4413 2412 4478 τέλους,
2455 4412 2669 4478 ὀξύνει,
2719 4430 2842 4465 eum
2888 4429 2994 4479 quo

404 4478 525 4530 loeo
560 4481 631 4530 ef.
656 4478 790 4530 ibid.
817 4482 877 4530 22
913 4479 983 4531 τὸ
1018 4481 1187 4531 «πῶς
1223 4478 1293 4544 δὴ
1329 4483 1443 4545 φῆς
1479 4479 1751 4544 πολέμοιο
1789 4480 2090 4544 μεθιέμεν»
2115 4480 2192 4547 (Δ
2215 4481 2339 4546 351)
2373 4479 2804 4547 περισπώμενον
2828 4482 2995 4534 Ἰωνι-

407 4546 523 4597 κόν.
569 4545 622 4599 οἱ
656 4546 765 4611 γὰρ
798 4545 989 4599 Ἴωνες
1024 4544 1140 4599 ἀπὸ
1166 4548 1291 4598 τῶν
1313 4547 1509 4600 αὐτῶν
1534 4552 1653 4599 τοῖς
1680 4547 1978 4601 ἐνεςτῶςιν
2016 4547 2076 4600 ἐν
2099 4552 2219 4601 τοῖς
2245 4548 2674 4615 παρῳχημένοις
2709 4548 2991 4614 ἄρχονται.

406 4613 497 4664 καὶ
535 4612 584 4665 εἰ
619 4614 719 4678 μὲν
755 4614 897 4679 μετὰ
930 4613 1041 4680 τὴν
1076 4612 1367 4679 ἀφαίρεςιν
1410 4618 1515 4667 τοῦ
1560 4617 1808 4702 κλιτικοθ
1846 4616 2054 4681 χρόνου
2090 4616 2273 4682 μακρὰ
2314 4618 2557 4683 ςυλλαβὴ
2603 4615 2990 4684 ἀπολείποιτο,

407 4681 1138 4814 2‘1‘ffi‘332125‘1’3‘50ffi21v
1147 4682 1738 4816 fssatatfitftssffksszv
1747 4681 2572 4819 ⁶2225¹⁶33¹¹03231⁵³²432⁰ft335
2581 4685 2779 4805 ¹3:532·
2809 4688 2991 4818 {93⁰2

407 4821 466 4867 et
499 4818 624 4882 814,
662 4820 746 4874 Μ.
787 4845 855 4855 --
900 4820 935 4869 l.
972 4821 1007 4870 8
1041 4819 1156 4886 φῄς
1192 4826 1343 4872 recte
1390 4836 1511 4872 cum
1554 4835 1572 4871 ι
1619 4822 1931 4887 subscripto
1965 4821 2190 4873 exhibet
2222 4821 2301 4874 Io.
2334 4823 2446 4888 Al„
2483 4822 2625 4874 falso
2661 4839 2752 4889 ap.
2787 4822 2988 4877 Arcad.
