3664 5546
611 402 693 466 72
1551 399 1635 453 ΕΚ
1671 397 1812 453 ΤΩΝ
1855 396 2264 451 ΗΡΩΔΙΑΝΟΥ

610 574 743 653 ρής
797 574 835 637 ὁ
892 573 1171 653 ἀβλαβής
1229 571 1666 636 Ἀπολλώνιος
1712 570 2228 648 Ἀργοναυτικοῑς
2273 565 2337 649 (Ι
2378 565 2534 648 556)
2589 567 2861 632 «νόςτον
2918 565 3200 645 ἐπευφή-

608 696 809 757 μηςαν
854 675 1105 754 ἀπηρέα
1147 673 1600 754 νιςςομένοιςι»
1658 672 1781 736 οὐκ
1834 672 1961 736 ἔςτι
2006 671 2214 736 τύπου
2256 676 2389 736 τῶν
2435 670 2542 735 διὰ
2584 673 2702 734 τοῦ
2745 674 2934 750 hon-c,
2978 668 3201 750 ἐβαρύ-

610 798 758 843 νετο
803 778 928 856 γὰρ
973 776 1054 841 ἂν
1101 776 1193 840 ῶς
1237 776 1587 856 χαλκήρης,
1631 774 1949 853 κωπήρης.

777 879 909 943 Ἔτι
962 879 1043 943 τὰ
1098 878 1203 943 διὰ
1245 882 1363 942 τοῦ
1418 882 1590 956 ιῖῇης
1645 876 2063 957 βαρύνονται,
2120 875 2453 957 νεώρης,
2512 875 2901 956 αὐτώρης,
2958 875 3202 938 κατώ-

533 991 567 1043 5
614 1002 778 1063 ρης,
833 981 1227 1060 ὑληώρης,
1274 980 1704 1059 μεςςώρης,
1758 977 2074 1056 Διώρης
2128 977 2339 1058 ὄνομα
2391 977 2631 1057 κύριον.
2717 976 3103 1056 Λυκώρης.
3164 978 3203 1054 ἡ

611 1086 683 1149 δὲ
727 1082 1065 1161 Λυκωρέος
1108 1082 1322 1160 γενικὴ
1368 1082 1543 1160 παρὰ
1591 1079 1969 1164 Καλλιμάχῳ
2015 1077 2268 1164 (hymn.
2316 1076 2537 1163 Apoll.
2585 1078 2695 1161 94)
2753 1079 2884 1145 ἀπὸ
2929 1083 3040 1158 τῆς
3083 1078 3203 1144 Λυ-

611 1185 855 1264 κωρεύς
899 1183 1146 1249 εὐθείας
1189 1184 1540 1264 ἐκφέρεται.

785 1308 824 1343 κ·
866 1285 962 1352 Τὰ
1005 1286 1094 1351 εἰς
1138 1289 1253 1365 fise*
1308 1286 1679 1367 βαρύνεται,
1731 1283 2113 1367 Ἀγχίςης,
2161 1284 2528 1367 Ἀντίςης,
2575 1283 2969 1367 Ἀμφίςης,
3024 1284 3204 1362 Ἐρί-

615 1410 779 1470 ςης,
836 1389 1045 1468 ὄνομα
1102 1390 1353 1469 κύριον,
1413 1386 1737 1466 Κυρίςης
1780 1387 2072 1465 ποταμὸς
2121 1386 2445 1468 Κελτικῆς,
2502 1386 2957 1468 Τιπανίςης,
3018 1386 3207 1452 ἔθνος

514 1502 579 1553 10
613 1491 789 1570 παρὰ
843 1492 960 1555 τὸν
1010 1490 1351 1556 Καύκαςον.
1424 1490 1749 1554 Ἑκαταῖος
1803 1488 2093 1572 Εὐρώπῃ.
2175 1488 2602 1567 Βαςανίςης
2659 1489 2850 1554 ἔθνος
2907 1490 3207 1571 Θρᾴκιον,

613 1593 985 1672 Ὀδρύςης
1029 1593 1219 1658 ἔθνος
1264 1593 1544 1674 Θρᾴκης·
1591 1591 1890 1672 (τράβων
1935 1591 2170 1675 ἑβδόμῃ
2214 1588 2326 1672 (fr.
2351 1590 2484 1673 48),
2529 1591 2953 1670 Λαπέρςαι·
3001 1590 3208 1657 οὕτως

615 1696 680 1761 οἱ
722 1695 1110 1773 Διόςκουροι
1157 1695 1505 1774 ἐκλήθηςαν
1550 1695 1681 1759 Λᾶν
1725 1693 1918 1758 πόλιν
1963 1692 2333 1772 Λακωνικὴν
2378 1694 2652 1759 ἑλόντες.
2698 1776 2705 1783 1

785 1797 879 1862 Τὰ
922 1797 1011 1861 εἰς
1053 1799 1173 1875 ’τήῖ
1216 1795 1390 1861 ἁπλᾶ
1443 1797 1739 1875 ἀρςενικὰ
1794 1795 2078 1873 καθαρὸν
2133 1795 2370 1873 ἔχοντα
2419 1797 2497 1861 τὸ
2541 1799 2576 1860 f
2624 1796 2883 1880 βραχείᾳ
2927 1800 3209 1876 παραλη-

614 1900 858 1981 γόμενα
901 1900 1062 1977 ὑπὲρ
1108 1898 1227 1962 δύο
1273 1899 1588 1979 ςυλλαβάς
1633 1898 2004 1979 βαρύνεται,
2048 1897 2416 1978 ἐργάτης,
2469 1898 2791 1980 ἐλάτης,
2849 1899 3211 1978 Ἰξιβάτης

516 2010 582 2061 15
616 2003 807 2068 ἔθνος
861 2003 1025 2080 πρὸς
1079 2007 1172 2083 τῷ
1216 2000 1454 2084 Πόντῳ
1513 2002 1822 2079 προςεχές
1878 2006 1955 2083 τῇ
2002 1998 2267 2083 Εινδικῇ.
2342 2000 2664 2065 Ἑκαταῖος
2710 2001 2893 2085 Ἀςίᾳ.
2983 2002 3210 2067 Ἰαζα-

620 2103 854 2184 βάτης
909 2103 1100 2168 ἔθνος
1156 2104 1333 2181 παρὰ
1388 2103 1712 2183 Μαιῶτιν,
1770 2102 1885 2167 οὓς
1931 2100 2341 2181 (Σαυρομάτας
2398 2103 2588 2182 φηςὶν
2633 2102 2932 2182 Ἔφορος.
3022 2102 3211 2183 (αρ-

619 2206 860 2287 μάτης
915 2204 1106 2269 ἔθνος
1159 2202 1494 2287 (κυθικόν,
1561 2202 2070 2284 (αυρομάτης
2135 2204 2325 2269 ἔθνος
2382 2204 2661 2270 Ἰνδικόν.
2760 2206 3059 2282 λε’γονται
3114 2207 3217 2270 καὶ

620 2306 1042 2388 (υρμὰται,
1110 2307 1201 2371 ὡς
1262 2306 1539 2372 Εὔδοξος
1605 2307 1846 2389 πρώτῳ
1914 2306 2253 2386 «ποταμὸν
2320 2310 2438 2370 τοῦ
2502 2307 2821 2372 Τανάϊδος
2889 2306 3214 2388 (υρμάτας

621 2412 937 2474 κατοικεῖν
953 2433 998 2473 ».
1075 2409 1426 2487 Γαλάτης
1488 2409 1679 2473 ἔθνος
1722 2407 2142 2486 πρὸς-νότον
2198 2411 2337 2473 τοῖς
2397 2409 2850 2490 Παφλαγόςιν·
2895 2409 3026 2475 ἀπὸ
3084 2416 3215 2475 τῶν

518 2522 587 2573 20
622 2514 694 2577 ἐν
738 2518 815 2595 τῇ
865 2511 1121 2595 Κελτικῇ
1170 2512 1497 2591 Γαλατῶν,
1543 2510 1610 2575 οἳ
1652 2510 2087 2589 πλανηθέντες
2133 2511 2346 2575 πολὺν
2392 2512 2634 2589 χρόνον
2680 2513 2782 2577 καὶ
2826 2512 3215 2593 καταλαβόν-

619 2635 726 2679 τες
769 2615 886 2693 τὴν
931 2613 1151 2692 χώραν
1195 2613 1404 2678 οὕτως
1450 2612 1807 2693 ὠνόμαςαν.
1884 2612 2176 2691 παρήχθη
2223 2614 2295 2677 δὲ
2339 2614 2415 2678 τὸ
2464 2614 2741 2693 Γαλάτης
2787 2596 2857 2679 ἔκ
2897 2618 3016 2679 τοῦ
3064 2614 3215 2679 Γάλ-

626 2721 740 2783 λος
799 2716 1017 2797 ὑφέςει
1073 2719 1191 2782 τοῦ
1247 2717 1396 2782 ἑνὸς
1432 2703 1496 2782 λ.
1553 2715 2017 2796 Ἀβρινάτης
2060 2715 2385 2781 Ποντικὸν
2432 2715 2624 2782 ἔθνος
2668 2717 2771 2782 καὶ
2815 2718 2973 2797 μετὰ
3015 2721 3133 2782 τοῦ
3178 2720 3215 2796 ἴ)

623 2821 725 2884 καὶ
769 2819 963 2898 χωρὶς
1021 2822 1139 2884 τοῦ
1182 2822 1236 2897 ρ.
1323 2818 1746 2898 Δαλμάτης
1801 2818 1992 2884 ἔθνος
2046 2819 2322 2884 Ἰταλίας.
2410 2818 2709 2894 λέγονται
2765 2821 2837 2884 δὲ
2892 2822 2995 2885 καὶ
3047 2820 3214 2885 Δελ-

527 2933 536 2954 “
624 2924 839 3002 ματεῖς
883 2922 983 2985 καὶ
1024 2920 1306 3000 Δάλμιοι
1350 2922 1453 2985 καὶ
1493 2919 1819 3000 Δαλμιεῖς.
1891 2921 2343 3001 Χαριμάτης
2385 2921 2574 2987 ἔθνος
2620 2923 2784 3000 πρὸς
2827 2929 2920 3004 τῶ
2963 2923 3214 3005 Πόντῳ.

520 3033 589 3082 25
624 3022 1044 3103 Παλαίφατος
1089 3023 1160 3087 ἐν
1205 3023 1456 3106 ἑβδόμῳ
1501 3022 1807 3101 Τρωῖκῶν
1853 3023 2257 3101 «Κερκετὲων
2300 3023 2561 3102 ἔχονται
2608 3024 2852 3102 Μόςχοι
2899 3026 3001 3089 καὶ
3032 3026 3215 3104 Χαρι-

626 3126 814 3204 μάται
856 3130 974 3190 τοῦ
1018 3124 1384 3203 Παρθενίου
1428 3124 1800 3203 κρατέουςιν
1844 3125 1934 3190 εἰς
1979 3126 2096 3191 τὸν
2143 3125 2439 3191 Εὔξεινον
2482 3126 2789 3191 πόντον».
2856 3127 2960 3191 καὶ
3002 3126 3215 3191 Ἑλλά-

627 3248 804 3293 νικος
848 3227 919 3293 ἐν
964 3225 1225 3292 κτίςεςιν
1271 3226 1478 3294 ἐθνῶν
1523 3228 1626 3292 καὶ
1667 3227 1928 3293 πόλεων
1961 3228 2364 3307 «Κερκετέων
2395 3227 2464 3293 δ’
2493 3226 2632 3293 ἄνω
2663 3227 2937 3294 οἰκέουςι
2971 3228 3217 3308 Μόςχοι

767 3485 802 3535 l.
838 3486 872 3535 4
907 3480 1124 3548 νεώρης
1160 3482 1424 3549 αὐτώρης
1461 3484 1653 3534 addidi
1687 3500 1754 3535 ex
1790 3483 1989 3537 Aread.
2030 3485 2155 3545 117,
2196 3485 2281 3546 18,
2322 3482 2584 3551 κατώρης
2621 3514 2686 3520 -
2725 3482 3037 3551 μεςςώρης,
3076 3485 3221 3551 quod

629 3554 770 3606 Lob.
806 3551 972 3604 Pron.
1012 3554 1109 3602 282
1157 3568 1254 3618 pro
1292 3550 1571 3617 νεςςώρης
1618 3551 1962 3613 emendavit,
2013 3568 2081 3602 ex
2116 3552 2362 3618 Theogn.
2399 3557 2493 3613 45,
2531 3557 2615 3607 30.
2687 3555 2771 3605 De
2811 3551 3013 3618 Λυκώρ
3053 3568 3082 3605 c
3121 3554 3221 3604 hoe

632 3622 755 3671 loeo
790 3620 1060 3672 Arcadius
1095 3619 1234 3679 dicit
1270 3619 1413 3684 ὅπερ
1453 3617 1798 3684 Καλλίμαχος
1837 3618 2049 3683 ὸξύνει,
2086 3620 2332 3686 Theogn.
2371 3620 2406 3684 ἡ
2445 3620 2505 3673 δὲ
2542 3620 2839 3686 Λυκωρέος
2876 3637 3031 3684 γενικ
3107 3620 3218 3673 ἀπὸ

629 3691 734 3754 τῆς
770 3686 1070 3752 Λυκωρεύς
1106 3685 1325 3740 εὐθείας
1362 3685 1716 3752 ἐκφερομένη
1753 3685 1892 3739 οὖςα
1928 3686 2261 3753 τετήρηται,
2298 3689 2443 3742 unde
2469 3697 2725 3740 monente
2750 3690 2981 3742 Lehrsio
3007 3697 3220 3755 quaest.

632 3774 718 3822 ep.
759 3759 856 3807 165
892 3772 1035 3821 quae
1073 3757 1271 3822 scripsi
1311 3756 1466 3818 dedi,
1504 3756 1718 3806 Ahrens
1751 3756 1946 3808 Bucol.
1985 3756 2039 3807 ΙΙ
2086 3773 2138 3821 p.
2174 3772 2297 3807 xnu
2347 3765 2406 3809 et
2449 3761 2549 3809 513
2593 3758 2743 3823 apud
2781 3759 3078 3810 Arcadium
3116 3774 3222 3809 non

632 3829 853 3892 poetam
892 3824 1311 3887 Callimachum,
1350 3825 1444 3874 sed
1483 3825 1901 3889 grammaticum
1937 3824 2250 3875 Herodiano
2287 3826 2557 3877 iuniorem
2593 3826 2849 3893 intellegi
2884 3827 3020 3878 vult.
3295 3860 3305 3870 ·

632 3894 667 3944 l.
701 3894 734 3942 8
772 3908 1041 3943 canonem
1079 3891 1360 3958 composui
1395 3896 1623 3956 propter
1657 3890 1962 3957 Τιπανίςης
2001 3893 2080 3943 St.
2106 3895 2166 3944 B.
2204 3896 2322 3956 625,
2359 3897 2409 3954 9,
2449 3910 2547 3958 pro
2584 3909 2694 3957 quo
2731 3895 2797 3944 Ε.
2836 3896 2908 3945 Μ.
2950 3899 3030 3956 15,
3067 3899 3099 3946 5
3135 3894 3221 3946 Τι-

631 3958 861 4026 πενίςης
897 3961 1095 4023 habet,
1133 3966 1192 4010 et
1228 3956 1530 4024 Βαςανίςης
1568 3961 1695 4026 159,
1736 3963 1823 4023 19,
1864 3961 1957 4012 ubi
1994 3960 2242 4011 additur:
2289 3960 2416 4013 τινὰ
2458 3961 2521 4013 δέ
2567 3963 2690 4013 τῶν
2735 3960 2964 4025 βιβλίων
3002 3961 3221 4015 Βανίςαι

633 4029 817 4094 ἐχουςι
862 4025 1272 4094 τριςυλλάβως,
1320 4027 1522 4092 quibus
1566 4029 1751 4079 verbis
1790 4028 2098 4081 Herodiani
2141 4034 2328 4081 textus
2371 4030 2609 4081 indicari
2652 4030 2905 4093 videtur,
2958 4030 3222 4096 Ὀδρύςης

632 4099 714 4152 St.
749 4099 813 4148 Β.
849 4100 969 4159 484,
1006 4101 1066 4157 3,
1103 4093 1385 4160 Λαπέρςαι
1420 4098 1545 4158 412,
1582 4099 1631 4147 4.
1703 4097 1989 4149 vocabula
2026 4095 2278 4163 Ἀγχίςης
2314 4125 2379 4133 —
2420 4095 2649 4163 Κυρίςης
2693 4101 2901 4164 sumpsi
2945 4116 3014 4150 ex
3048 4101 3113 4150 Ε.
3150 4102 3221 4151 Μ.

631 4166 666 4215 l.
705 4183 770 4231 c.‚
811 4182 917 4231 quo
954 4168 1226 4215 venerunt
1262 4179 1329 4213 ex
1367 4164 1563 4215 Choer.
1599 4165 1754 4224 Orth.
1783 4168 1898 4227 170,
1939 4169 1985 4215 1.
2123 4165 2158 4220 l.
2191 4169 2254 4217 13
2291 4167 2363 4217 ad
2398 4166 2544 4217 hunc
2579 4182 2847 4218 canonem
2885 4169 3220 4220 constituen-

634 4234 764 4285 dum
801 4232 1055 4285 consului
1092 4232 1158 4281 E.
1195 4233 1269 4286 M.
1306 4235 1433 4295 436,
1469 4235 1529 4283 8:
1576 4232 1648 4284 τὰ
1694 4230 1773 4284 εἰς
1808 4237 1912 4298 fist
1949 4232 2199 4298 λήγοντα
2233 4232 2519 4300 ἀρςενικά,
2558 4234 2807 4299 καθαρὸν
2843 4235 3050 4299 ἔχοντα
3086 4236 3155 4288 τὸ
3189 4239 3222 4287 τ

635 4298 860 4368 βραχείᾳ
898 4297 1341 4366 παραληγόμενα
1375 4298 1520 4365 ὑπὲρ
1553 4300 1657 4353 δύο
1674 4300 1970 4365 ῒυλλαβὰς
2016 4300 2313 4366 βαρύνεται
2360 4302 2451 4354 καὶ
2496 4300 2650 4354 ἁπλᾶ
2696 4302 2840 4357 ὄντα
2883 4301 3011 4356 οἷον
3049 4303 3223 4368 Ἰξιβά-

630 4385 761 4435 της,
799 4367 1027 4435 ἀρέτης,
1067 4368 1157 4419 cui
1193 4385 1260 4418 ex
1295 4368 1586 4434 Apollonio
1623 4370 1691 4421 de
1727 4370 1853 4424 adv.
1901 4373 2002 4423 545
2036 4371 2302 4421 substitui
2340 4369 2577 4436 ἀρότης,
2615 4369 2871 4436 ἐργάτης.
2930 4370 3224 4437 ςεςημείω-

632 4452 722 4489 ται
758 4436 828 4488 τὸ
866 4434 1101 4501 εὑρετής
1137 4464 1202 4470 -
1238 4435 1307 4487 τὸ
1345 4436 1536 4501 μέντοι
1572 4436 1821 4503 ἀθλητής
1849 4437 2100 4504 μαχητής
2126 4438 2378 4504 μαθητής
2416 4438 2693 4504 ὀξύνεται,
2733 4438 2822 4491 ὄτι
2856 4439 2925 4492 οὐ
2964 4441 3225 4506 βραχεῖαν

633 4505 748 4570 ἔχει
782 4505 892 4568 τὴν
929 4503 1381 4569 παραλήγουςαν.
1452 4505 1721 4557 Similiter
1764 4523 1945 4558 canon
1988 4507 2045 4556 in
2081 4508 2184 4561 An.
2224 4509 2325 4558 Ox.
2361 4508 2416 4558 11
2452 4511 2571 4569 357,
2607 4511 2673 4558 2-2
2722 4508 2971 4572 prolatus
3006 4516 3118 4560 est:
3154 4508 3225 4561 τὰ

634 4573 714 4626 εἰς
750 4589 852 4638 της
888 4571 1140 4638 λήγοντα
1176 4571 1435 4637 ἀρςενικὰ
1470 4573 1686 4638 καθαρὰ
1723 4571 1951 4642 βραχείᾳ
1986 4573 2430 4640 παραληγόμενα
2466 4575 2610 4640 ὑπὲρ
2635 4575 2737 4628 δύο
2763 4575 3034 4640 ςυλλαβὰς
3072 4575 3224 4628 ἁπλᾶ

635 4642 777 4694 ὄντα
824 4641 1163 4706 βαρύνονται
1206 4638 1333 4693 οἷον
1384 4639 1652 4707 ἐργάτης,
1700 4640 1932 4708 ἐλάτης,
1978 4641 2244 4708 γενέτης,
2290 4642 2566 4708 γαμέτης,
2610 4643 2920 4708 δεςπότης,
2967 4645 3222 4711 τοξότης,

636 4709 902 4776 δημότης.
974 4708 1340 4774 ςεςημείωται
1375 4708 1445 4760 τὸ
1482 4708 1717 4775 εὑρετής
1754 4709 2114 4774 ὀξυνόμενον.
2174 4712 2445 4776 Equidem
2483 4713 2564 4763 sic
2599 4715 2860 4778 processi,
2899 4718 2963 4764 ut
2999 4716 3225 4780 primum

635 4779 892 4829 afferrem
937 4779 1212 4830 vocabula
1253 4780 1311 4828 in
1355 4792 1522 4843 ατης,
1572 4794 1712 4843 quae
1757 4785 1982 4844 praeter
2024 4777 2266 4845 ἐργάτης
2312 4781 2459 4846 quod
2502 4782 2718 4832 unicum
2762 4781 2923 4833 huius
2967 4783 3223 4834 termina—

635 4848 805 4896 tionis
841 4847 1011 4896 habet
1043 4845 1266 4910 Areml„
1305 4851 1362 4896 et
1398 4844 1605 4911 ἐλάτης
1640 4846 1745 4899 An.
1782 4848 1884 4899 Ox.
1916 4849 1977 4900 11
2013 4848 2048 4898 l.
2084 4866 2164 4912 c.,
2203 4849 2386 4901 omnia
2422 4855 2552 4902 sunt
2599 4866 2668 4901 ex
2704 4851 2784 4902 st.
2820 4851 2881 4901 Β.
2925 4867 2970 4901 s.
3004 4867 3120 4915 vv„
3157 4849 3222 4900 de

638 4914 955 4978 quantitate
994 4915 1067 4964 cf.
1107 4915 1241 4967 Lob.
1278 4913 1446 4966 Proll.
1486 4930 1540 4980 p.
1577 4917 1693 4965 372.
