3664 5546
702 357 822 421 128
1630 358 1712 414 ΕΚ
1752 358 1893 413 ΤΩΝ
1937 358 2346 414 ΗΡΩΔΙΑΝΟΥ

864 528 958 593 Τὰ
1002 527 1090 594 εἰς
1133 533 1217 593 δῖ
1272 530 1554 608 καθαρὸν
1600 530 1762 609 ὑπὲρ
1808 530 1929 595 δύο
1976 531 2286 611 ςυλλαβὰς
2329 537 2420 615 τῷ
2464 538 2521 593 ω’
2564 531 2720 610 μετὰ
2761 534 2795 594 ἶ
2848 551 3280 611 προςγεγραμ-

691 630 891 709 μένου
935 631 1437 710 παραληγόμενα
1477 635 2015 715 προπεριςπᾶται,
2060 638 2458 716 πατρῷος,
2509 631 2766 718 ἡρῷος
2811 635 2912 698 καὶ
2955 633 3199 717 Ἡρῷο
3217 654 3280 715 ς,

693 730 925 816 ἠῷος,
968 733 1348 816 Ἀχελῷος
1391 734 1679 813 ποταμὸς
1710 734 2119 813 Ἀκαρνανίας
2161 733 2293 799 ἀπὸ
2326 735 2647 819 Ἀχελῴου
2679 735 2984 802 ἐλθόντος
3028 735 3097 799 ἐκ
3126 735 3278 801 Θετ-

691 834 911 899 ταλίας
971 836 1127 914 μετὰ
1195 835 1619 915 Ἀλκμαίωνος
1684 837 1786 901 καὶ
1850 837 1927 900 τὸ
1992 836 2245 901 ἐθνικόν
2300 836 2701 921 ὁμοφώνως,
2766 838 3085 923 αἰδῷος,
3143 839 3279 902 Μι-

629 942 925 1019 δνῷος,
972 936 1329 1021 Ἐλβῷος,
1377 936 2165 1022 (αρδῷος,Πυθῷος,
2211 938 2561 1022 Ληθῷος,
2594 939 2930 1023 Ἰνδῷος,
2979 940 3282 1025 Γελῷος

692 1036 730 1101 6
785 1037 978 1103 οἰκῶν
1039 1039 1233 1104 Γέλαν
1289 1039 1480 1105 πόλιν
1528 1039 1805 1104 (ικελίας
1849 1038 1996 1105 ἴςως
2051 1039 2182 1104 ἀπὸ
2238 1043 2354 1105 τοῦ
2398 1041 2620 1116 γέλως.
2709 1040 3103 1127 ὀρεςκῷος
3145 1040 3276 1106 ἀπὸ

690 1143 807 1204 τοῦ
851 1139 1000 1205 κείω
1044 1145 1161 1205 τοῦ
1220 1141 1636 1221 ςημαίνοντος
1690 1142 1766 1206 τὸ
1812 1146 2123 1223 κοιμῶμαι
2168 1143 2270 1206 καὶ
2313 1142 2388 1206 τὸ
2434 1142 2590 1221 ὄρος
2643 1143 2916 1219 γέγονεν
2962 1143 3279 1222 ὀρέςκειος

690 1242 794 1305 καὶ
835 1249 1044 1325 τροπῇ
1086 1247 1205 1308 τοῦ
1250 1245 1283 1308 ἒ
1328 1243 1415 1308 εἰς
1470 1246 1508 1306 ὃ
1566 1242 1893 1320 ὀρέςκοιος
1937 1245 2051 1307 ,καὶ
2105 1243 2342 1308 ἑκτάςει
2388 1248 2504 1308 τοῦ
2549 1247 2587 1307 ὃ
2633 1245 2722 1310 εἰς
2766 1250 2822 1309 ω’
2876 1245 2979 1309 καὶ
3023 1245 3275 1324 μεταθέ-

690 1362 778 1407 ςει
823 1348 939 1408 τοῦ
984 1345 1180 1410 τόνου
1225 1344 1542 1430 ὀρεςκῷος
1586 1347 1687 1410 καὶ
1732 1347 1906 1425 μένει
1950 1346 2025 1409 τὸ
2069 1348 2104 1408 ῑ
2148 1347 2771 1426 προςγεγραμμένον.
2845 1350 3276 1426 προπεριςπᾶ-

592 1458 656 1511 10
690 1467 790 1511 ται
835 1448 907 1512 δὲ
952 1448 1057 1512 διὰ
1099 1448 1214 1513 τὸν
1258 1451 1636 1527 χαρακτῆρα
1724 1448 1800 1512 τὸ
1849 1450 1920 1513 δὲ
1964 1448 2266 1533 κολῳός
2310 1447 2599 1516 ὀξύνεται
2654 1447 2786 1514 ἀπὸ
2840 1453 2957 1514 τοῦ
3002 1449 3275 1514 κολοιός.

690 1550 766 1614 τὸ
812 1549 1027 1628 μέντοι
1074 1549 1375 1625 λαγωός
1419 1551 1520 1615 καὶ
1565 1550 1932 1628 πατρωός
1988 1550 2025 1614 6
2071 1550 2141 1616 ἐν
2186 1556 2262 1635 τῇ
2319 1550 2613 1635 ςυνηθείᾳ
2659 1551 2967 1629 πατρυιός
3011 1550 3275 1619 ὀξύνον-

690 1672 819 1734 ται,
874 1651 972 1716 ὅτι
1027 1651 1144 1715 οὐκ
1196 1651 1408 1731 ἔχουςι
1460 1653 1536 1717 τὸ
1582 1654 1615 1714 ῖ
1668 1652 2289 1732 προςγεγραμμένον.
2376 1653 2453 1718 τὸ
2521 1654 2592 1717 δὲ
2647 1653 2945 1741 ’Ἀθωος
3009 1653 3276 1717 τοπικὸν

690 1753 885 1831 χωρὶς
927 1757 1042 1817 τοῦ
1087 1754 1121 1815 ἶ
1172 1754 1727 1833 προπαροξύνεται
1771 1755 1875 1818 καὶ
1917 1755 1992 1818 τὸ
2048 1753 2465 1832 Ἀκρόθωοι
2518 1754 2705 1819 πόλις
2759 1754 2865 1819 ἐπὶ
2917 1758 3029 1833 τῆς
3082 1754 3277 1834 ἄκρας

687 1858 806 1920 τοῦ
849 1856 1020 1920 Ἄθω
1065 1856 1167 1919 καὶ
1209 1856 1413 1920 ἔθνος.
1500 1857 1576 1921 τὸ
1622 1857 1692 1921 δὲ
1739 1859 1979 1935 δηλοῦν
2025 1857 2101 1921 τὸ
2146 1855 2413 1937 ἀζήμιον
2466 1859 2970 1936 προπεριςπᾶται
3025 1857 3128 1921 καὶ
3170 1856 3276 1921 διὰ

588 1967 651 2019 15
686 1961 804 2022 τοῦ
848 1960 910 2041 ἶ,
958 1957 1028 2022 ἐκ
1069 1960 1180 2037 τῆς
1224 1961 1409 2042 θῳῆς.ι

821 2146 869 2196 l.-
900 2149 924 2196 1
965 2163 1063 2212 pro
1098 2149 1169 2213 τῇ
1209 2150 1257 2197 ἀῖ
1295 2144 1435 2208 μετὰ
1470 2149 1503 2196 ῖ
1543 2143 2074 2210 προςγεγραμμένου
2111 2144 2402 2212 διφθόγγῳ
2439 2149 2845 2212 καταχρηςτικῇ
2882 2147 3076 2212 scripsi
3101 2149 3186 2213 τῷ
3223 2149 3274 2197 ’ὤ

689 2212 830 2277 μετὰ
865 2216 899 2265 ἶ
937 2213 1493 2279 προςγεγραμμένου,
1533 2230 1697 2280 quum
1731 2211 2037 2278 δίφθογγος
2076 2215 2484 2280 καταχρηςτικὴ
2513 2216 2682 2265 dictio
2708 2215 3027 2281 posterioris
3052 2219 3176 2266 aevi
3202 2217 3272 2266 ab

687 2282 925 2333 Arcadio
962 2282 1217 2334 adhibita
1255 2284 1354 2343 sit,
1395 2298 1504 2332 non
1543 2283 1612 2333 ab
1648 2283 1984 2332 Herodiano.
2066 2283 2130 2334 In
2169 2284 2231 2333 E.
2267 2285 2340 2333 M.
2377 2285 2469 2346 26,
2508 2286 2573 2335 30
2621 2299 2797 2334 canon
2842 2284 2925 2334 sic
2970 2288 3275 2349 conceptus

688 2354 803 2400 est:
840 2349 912 2401 τὰ
947 2349 1036 2402 διὰ
1070 2353 1174 2402 τοῦ
1214 2355 1330 2402 ’ωος
1367 2349 1572 2414 ἔχοντα
1607 2349 1676 2401 τὸ
1712 2352 1746 2402 ῖ
1783 2348 1930 2415 ὑπὲρ
1967 2348 2068 2401 δύο
2104 2350 2377 2415 ςυλλαβὰς
2414 2353 2909 2415 προπεριςπῷνται
2953 2350 3123 2415 χωρὶς
3166 2353 3271 2402 τοῦ

687 2417 907 2484 κολῳὸς
941 2415 1065 2470 οἷον
1105 2419 1383 2485 Ἀχελῷος
1418 2416 1623 2484 αἰδῷος
1660 2417 1826 2484 ἠῷος.
1898 2418 2054 2469 οὕτω
2092 2419 2182 2469 καὶ
2217 2417 2419 2485 ἀθῷος.
2467 2418 2786 2484 πρόςκειται
2823 2418 3062 2483 «ἔχοντα
3096 2418 3166 2469 τὸ
3205 2422 3273 2471 ἶ»

686 2485 775 2537 διὰ
809 2486 878 2537 τὸ
915 2487 1139 2549 λαγωός
1178 2488 1266 2539 καὶ
1303 2485 1584 2551 πατρωός.
1634 2486 1955 2550 πρόςκειται
1990 2485 2168 2551 «ὑπὲρ
2192 2486 2293 2538 δύο
2319 2486 2625 2551 ςυλλαβὰς»
2649 2486 2737 2539 διὰ
2773 2486 2842 2538 τὸ
2869 2485 3070 2554 κλῳός.
3125 2486 3272 2537 Hinc

686 2553 839 2619 ἠῷος
877 2556 934 2605 in
970 2572 1237 2606 canonem
1272 2556 1500 2605 Arcadii
1535 2557 1768 2617 inserui,
1809 2554 1900 2605 καὶ
1939 2553 2153 2621 Ἡρῷος
2190 2572 2258 2605 ex
2293 2556 2373 2604 St.
2403 2558 2466 2609 B.
2638 2556 2675 2606 l.
2700 2558 2732 2607 3
2770 2554 3052 2622 Ἀχελῷος
3086 2571 3154 2605 ex
3190 2556 3272 2605 St.

686 2624 748 2673 B.
788 2624 1088 2689 explicavi,
1127 2622 1358 2690 Μινῷος
1395 2651 1459 2658 —-
1501 2621 1716 2689 Γελῷος
1763 2639 1830 2673 ex
1877 2623 1958 2674 St.
1995 2622 2243 2687 adiecta,
2291 2621 2571 2690 όρεςκῷος
2617 2638 2684 2673 ex
2727 2624 2831 2689 Ep.
2870 2623 2957 2672 Cr.
2993 2625 3020 2674 1
3055 2626 3182 2686 304,
3218 2628 3271 2686 3,

684 2691 785 2740 An.
820 2691 998 2744 Paris.
1036 2693 1124 2743 111
1158 2695 1278 2755 344,
1313 2696 1395 2744 33.
1465 2689 1718 2758 άνδρῷος
1756 2698 1811 2743 et
1848 2688 2127 2757 ἀςτρῷος,
2175 2707 2314 2757 quae
2360 2692 2529 2742 habet
2564 2691 2842 2757 Theogn.‚
2891 2697 2954 2747 ut
2997 2690 3272 2743 vocabula

685 2776 891 2825 parvae
930 2760 1221 2827 dig-nitatis
1259 2760 1432 2812 omisi.
1580 2761 1614 2811 1.
1655 2763 1713 2811 11
1764 2759 1796 2812 6
1835 2757 1897 2811 ἐν
1932 2762 2003 2827 τῇ
2043 2756 2304 2827 ςυνηθείᾳ
2350 2758 2621 2826 πατρυιός
2665 2760 2901 2827 apposui
2936 2775 3004 2810 ex
3039 2760 3143 2826 Ep.
3180 2759 3269 2812 Cr.

684 2829 710 2878 1
746 2831 865 2891 349,
902 2832 982 2880 24.
1035 2828 1106 2881 τὸ
1142 2827 1203 2881 δὲ
1239 2829 1461 2881 Ἀθωος
1497 2843 1667 2895 usque
1706 2830 1778 2879 ad
1815 2828 1977 2879 finem
2013 2828 2206 2879 addidi
2242 2845 2309 2879 ex
2348 2829 2429 2884 St.
2470 2831 2533 2881 B.
2569 2832 2652 2892 36,
2690 2831 2755 2881 13
2792 2843 2847 2881 et
2882 2830 2965 2891 63,
3005 2831 3083 2882 13.
3132 2829 3270 2879 Nam

685 2911 848 2961 quum
887 2896 1203 2964 Stephanus
1240 2899 1456 2948 omnino
1492 2896 1800 2948 Herodis-ni
1836 2897 2174 2949 sententiam
2209 2899 2447 2960 referat,
2496 2897 2661 2949 etiam
2708 2897 2812 2947 hoc
2848 2896 2972 2947 loco
3008 2896 3156 2947 idem
3192 2897 3269 2947 fe-

683 2967 824 3016 cisse
863 2966 1140 3030 putandus
1176 2973 1289 3029 est,
1327 2965 1650 3032 praesertim
1676 2981 1840 3031 quum
1865 2982 1955 3032 ap.
1979 2966 2159 3031 ipsum
2183 2965 2382 3016 Arcad.
2409 2982 2459 3031 p.
2484 2967 2570 3030 87,
2601 2968 2692 3028 12,
2719 2967 2813 3030 qui
2835 2964 2990 3015 locus
3017 2980 3080 3016 co
3226 2966 3272 3015 it

686 3032 802 3082 fere
841 3049 960 3083 cum
997 3035 1093 3098 iis,
1133 3050 1273 3099 quae
1312 3050 1579 3084 canonem
1608 3050 1676 3085 ex
1700 3036 1763 3084 E.
1787 3036 1860 3088 M.
1890 3033 2162 3098 prolatum
2187 3034 2554 3100 praecedunt,
2589 3033 2863 3098 legamus:
2899 3031 2968 3083 τὸ
2994 3031 3056 3084 δὲ
3080 3030 3115 3083 ἀ
3153 3035 3268 3099 ῷος

682 3103 1128 3166 προπεριςπᾶται
1153 3100 1269 3153 ἀπὸ
1292 3104 1396 3153 τοῦ
1423 3100 1562 3167 θωή.
1634 3105 1816 3166 Quare
1843 3103 2000 3156 Eust.
2027 3118 2078 3167 p.
2110 3105 2209 3153 538
2232 3109 2399 3153 extu:
2435 3100 2622 3153 ἀθῷος
2647 3098 2790 3152 κατά
2820 3114 2978 3152 τινας
3005 3115 3266 3165 προπερι-

681 3168 993 3233 ςπωμένως
1031 3169 1063 3221 6
1100 3168 1353 3235 ἀζήμιος,
1389 3153 1534 3222 Ζεύς
1570 3168 1631 3221 δὲ
1667 3169 1890 3237 Ἀθῳος
1925 3169 2441 3233 προπαροξυτόνως
2477 3169 2509 3221 6
2535 3169 2597 3222 ἐν
2631 3172 2716 3235 τῷ
2743 3168 2898 3236 Ἄθῳ
2934 3166 3268 3233 τιμώμενος.

682 3237 824 3288 κατὰ
850 3237 1042 3302 μέντοι
1069 3237 1321 3302 ἑτέρους,
1350 3235 1435 3288 ὧν
1460 3236 1573 3289 ἐςτι
1598 3237 1687 3289 καὶ
1714 3237 2081 3303 Ἡρωδιανὸς,
2109 3236 2388 3289 ἀνάπαλιν
2413 3238 2446 3289 6
2473 3237 2574 3300 μὲν
2599 3236 2752 3302 παρὰ
2775 3236 2880 3288 τὸν
2905 3236 3098 3289 Ἄθων
3120 3236 3266 3288 Ζεὺς

683 3303 896 3371 Ἀθῷος
921 3305 1532 3371 προπεριςπαςθήςεται
1558 3305 1700 3357 κατὰ
1722 3307 1792 3358 τὸ
1817 3308 1972 3371 ἥρως
1997 3304 2204 3371 ἡρῷος,
2226 3305 2423 3359 Μίνως
2444 3305 2692 3373 Μινῷος,
2718 3303 2908 3368 γάλως
2932 3305 3175 3371 γαλῷος,
3195 3303 3264 3356 τὸ

678 3371 741 3423 δὲ
766 3373 963 3438 ἕτερον
999 3374 1589 3439 προπαροξυνθήςεται
1613 3374 1704 3426 καὶ
1731 3374 1883 3427 ἐςται
1907 3372 2030 3438 θωή
2056 3372 2243 3426 ἀθωος
2270 3373 2349 3426 ὡς
2373 3374 2526 3439 ψυχή
2553 3373 2823 3438 εὔψυχος,
2862 3372 3036 3438 βουλή
3073 3372 3264 3436 εὔβου-

680 3441 803 3505 λος,
841 3440 973 3506 τιμή
1010 3440 1206 3506 ἄτιμος
1242 3459 1433 3509 parum
1468 3449 1724 3493 accurate
1762 3443 2067 3494 Herodiani
2103 3444 2414 3508 opinionem
2457 3443 2750 3508 protulisse
2797 3444 3051 3495 arbitror.
3124 3444 3262 3493 Nam

678 3517 957 3574 tamquam
996 3512 1116 3561 eius
1151 3511 1418 3577 placitum
1455 3515 1766 3577 proposuit,
1806 3512 1950 3576 quod
1988 3512 2058 3561 ab
2107 3527 2172 3561 eo
2219 3526 2318 3576 per
2353 3508 2716 3563 ἀναεκεύαςιν
2762 3511 3114 3576 reprobatum
3160 3519 3263 3560 est.

682 3577 1034 3629 Herodianus
1071 3579 1314 3629 dixerat:
1354 3577 1567 3643 Ἀθῷοε
1604 3584 1662 3629 et
1697 3578 1885 3632 ἄθωος
1923 3579 2092 3630 scribi
2128 3578 2409 3638 debuisse,
2455 3580 2554 3630 sed
2593 3583 2819 3645 propter
2863 3593 3059 3628 causas
3107 3592 3263 3642 quas·

679 3645 804 3695 dam
848 3647 1176 3712 praecipuas
1222 3647 1389 3698 aliter
1434 3649 1643 3712 scripta
1685 3664 1825 3699 esse.
1903 3649 2044 3699 Nam
2098 3644 2286 3699 ἀθωος
2332 3646 2674 3698 adiectivum
2720 3663 2786 3698 ex
2833 3646 3006 3712 stirpe
3052 3643 3197 3709 θωῖή
3242 3660 3261 3695 ι
3301 3657 3322 3682 ⁸

678 3713 1049 3781 subscriptum
1086 3715 1290 3767 habere
1338 3721 1394 3766 et
1431 3730 1596 3780 quum
1642 3716 1906 3767 vocabula
1952 3717 2009 3766 in
2043 3717 2162 3781 ἵζω-ς
2209 3716 2733 3779 circumflectuntur,
2780 3714 2926 3764 hunc
2971 3719 3259 3764 accentum

678 3790 873 3833 contra
907 3784 1330 3849 compositorum
1367 3800 1611 3834 normam
1644 3786 1956 3851 accepisse3
2000 3783 2212 3850 Ἀθῷος
2249 3789 2459 3848 autem,
2509 3783 2652 3850 quod
2689 3785 2770 3833 sic
2806 3787 2959 3833 recte
2997 3782 3258 3846 scriptum

681 3851 906 3914 fuisset,
943 3851 1276 3902 discriminis
1312 3866 1479 3903 causa
1524 3858 1579 3903 et
1626 3852 1741 3903 sine
1788 3867 1805 3903 ι
1853 3858 1909 3903 et
1951 3856 2422 3919 proparoxytonos
2468 3852 2887 3918 pronunciatum
2934 3865 3071 3902 esse.
3141 3849 3263 3899 Hoc

674 3926 1016 4050 ipif‘ssiossf
1042 3919 1884 4052 &Rimftiiffssssssssffiissm
1912 3927 2615 4054 ἕξὲἳέῗξῗὲἑῖῗᾶῗῗωῗξω
2640 3920 2915 4051 ἓὶΜτῐέἒὲ
2946 3914 3259 4051 iiiiii&

673 4053 798 4106 «ὡς
880 4054 894 4072 ’
927 4053 998 4105 ἄν
1034 4069 1091 4107 ςε
1128 4056 1272 4121 θωῖὴ
1311 4055 1509 4119 λάβοι»
1544 4084 1611 4092 -
1644 4028 1865 4122 ὤφειλε,
1902 4056 1964 4109 δὲ
2007 4056 2547 4121 προπαροξύνεςθαι·
2580 4027 2666 4107 ’τὰ
2709 4053 2815 4119 γὰρ
2861 4052 2978 4105 ἀπὸ
3021 4055 3143 4104 τῶν
3177 4050 3259 4104 εἰς

672 4126 707 4174 ἃ
745 4122 835 4174 καὶ
881 4121 960 4175 εἰς
1005 4125 1038 4187 ῆ
1077 4125 1110 4175 θ
1159 4124 1351 4176 λυκῶν
1396 4123 1484 4176 διὰ
1528 4127 1631 4176 τοῠ
1681 4140 1742 4177 ος
1794 4124 2064 4189 γινόμενα
2120 4123 2373 4188 ὀνόματα
2427 4121 2979 4189 προπαροξύνονται,
3036 4119 3257 4185 κεφαλή

672 4189 973 4256 ἀκέφαλος,
1012 4140 1165 4257 ψυχῃι
1202 4192 1435 4257 ἄψυχος,
1474 4191 1595 4257 ὥρα
1639 4192 1840 4258 ἄωρος.
1912 4192 2233 4258 πρόςκειται
2270 4191 2333 4244 ἐν
2368 4196 2454 4259 τῷ
2493 4191 2689 4244 κανόνι
2724 4188 2822 4242 «εἰ
2858 4190 2932 4255 μὴ
2970 4189 3257 4254 χαρακτὴρ

672 4259 954 4312 κωλύςει»
990 4258 1079 4311 διὰ
1113 4261 1184 4313 τὸ
1222 4259 1362 4327 κάρη
1401 4259 1622 4325 ἀκαρός.
1676 4261 1937 4315 ὀξύνεται
1972 4261 2077 4325 γὰρ
2116 4258 2194 4312 ὡς
2237 4261 2308 4313 τὸ
2355 4259 2615 4326 μαδαρός.
2661 4257 2793 4313 άλλῗ
2828 4257 3022 4324 ἔτερος
3067 4253 3258 4309 κανών

671 4326 819 4379 ἐςτιν
856 4327 888 4379 6
924 4326 1112 4391 λέγων
1149 4328 1236 4383 ὅτι
1273 4331 1409 4393 κτλ.,
1448 4345 1589 4395 quae
1625 4331 1734 4381 iam
1771 4346 1938 4396 supra
1975 4328 2277 4381 attulimus.
2348 4330 2430 4380 De
2472 4328 2685 4395 Ἀθῷος
2731 4327 2865 4377 ibid.
2902 4327 2937 4376 l.
2972 4328 3065 4378 38:
3115 4323 3258 4376 κατὰ

668 4397 777 4460 τὴν
802 4394 1082 4460 ἀκρίβειαν
1120 4396 1366 4463 ὠφειλεν
1393 4396 1541 4461 ἔχειν
1565 4398 1634 4449 τὸ
1660 4402 1692 4449 ῖ
1718 4398 1808 4449 καὶ
1845 4397 2399 4465 (προ)περιςπᾶςθαι,
2440 4394 2633 4461 ἐπειδὴ
2660 4393 2775 4447 ἀπὸ
2799 4396 2903 4445 τοῦ
2929 4394 3116 4447 Ἄθως
3151 4394 3254 4443 τοῦ

670 4464 837 4529 ὄρους
874 4463 1117 4527 ἐγένετο.
1164 4465 1237 4518 τὰ
1272 4466 1333 4519 δὲ
1359 4463 1474 4517 ἀπὸ
1500 4468 1602 4517 τοῦ
1632 4465 1708 4519 εἰς
1733 4471 1815 4518 ῶς·
1839 4466 1928 4517 διὰ
1951 4468 2055 4517 τοῦ
2083 4467 2200 4518 Ἠοῖ
2233 4464 2547 4530 παραγωγὰ
2572 4463 2672 4515 ςὺν
2696 4466 2780 4530 τῷ
2806 4465 2838 4512 ῖ
2864 4460 3139 4527 γράφεται
3165 4459 3256 4511 καὶ

668 4532 1167 4598 (προ)περιςπᾶται
1202 4532 1328 4586 οἷον
1364 4532 1561 4585 Μίνως
1599 4533 1857 4600 Μινῷος,
1896 4532 2129 4599 πάτρως
2165 4537 2458 4600 πατρῷος,
2506 4530 2736 4597 μ’τρως
2773 4533 3062 4597 μητρῷος,
3099 4531 3252 4595 ἥρως

668 4605 874 4668 ηρῷος.
952 4601 1107 4653 οὕτω
1154 4603 1245 4654 καὶ
1291 4601 1479 4654 Ἀθως
1528 4601 1740 4668 Ἀθῷος
1787 4602 2035 4667 ὤφειλεν
2080 4602 2249 4667 εἶναι,
2296 4600 2441 4653 ἀλλὰ
2486 4615 2563 4665 πρ
2603 4614 2630 4652 ς
2683 4598 3107 4663 ἀντιδιαςτολὴν
3150 4599 3256 4648 τοῦ

668 4669 854 4737 ἀθῷος
877 4673 981 4722 τοῦ
1008 4669 1102 4722 ἐπὶ
1137 4674 1240 4722 τοῦ
1279 4668 1513 4736 ἀζημίου
1548 4671 1639 4722 καὶ
1675 4670 1745 4722 τὸ
1782 4674 1813 4722 ἰ’
1852 4669 2157 4734 ἀποβάλλει
2182 4670 2274 4722 καὶ
2300 4668 2803 4734 προπαροξύνεται.
2853 4666 3040 4718 οὕτως
3065 4666 3256 4730 Χοιρο·

669 4738 864 4802 βοςκός
902 4741 953 4794 h.
992 4756 1038 4790 e.
1073 4739 1425 4790 Herodianus
1462 4753 1495 4788 a.
1533 4739 1917 4791 Choerobosco
1954 4741 2283 4806 exscriptus.
2355 4740 2650 4789 Caeterum
2687 4737 2776 4787 hic
2812 4751 2921 4786 non
2958 4735 3013 4785 id
3051 4735 3257 4800 agitur,

668 4815 849 4857 utrum
903 4807 1257 4859 Herodianus
1311 4812 1458 4858 recte
1515 4808 1594 4856 sic
1650 4807 1941 4872 deciderit,
1997 4808 2142 4872 quod
2191 4806 2504 4858 Lobeckius
2550 4807 2669 4856 iure
2715 4809 2887 4870 negat
2932 4804 3017 4854 El.
3060 4804 3089 4854 1
3139 4805 3253 4866 147,

666 4891 864 4930 necne,
911 4892 971 4927 se
1011 4891 1281 4941 quaenam
1317 4874 1626 4925 Herodiani
1661 4875 1846 4941 opinio
1885 4877 2070 4927 fuerit.
