3664 5546
1486 400 1904 449 PRAEFATIO.
2691 398 2992 448 xxxxvn

399 557 804 637 Νεαπολίτης
860 555 1113 621 dicotur
1170 557 1242 621 ἕν
1306 578 1362 621 τι
1427 556 1820 635 παραγωγὸν
1886 554 2018 619 ἀπὸ
2074 556 2194 619 δύο
2252 556 2484 621 λέξεων
2530 554 2600 620 ἐν
2656 557 2990 634 παραθέςει

396 662 544 743 (νέα
586 660 827 741 πόλις).

570 761 857 826 Prorsus
901 758 1072 824 idem
1118 758 1292 846 quod
1338 760 1642 825 ςύνθετον
1687 766 1788 821 est
1831 758 1934 841 ἕν,
1990 760 2062 823 ἕν
2117 759 2310 838 μέρος
2355 758 2587 841 λόγου,
2643 766 2708 821 et
2751 759 2875 839 ὑφ’
2918 762 2991 823 ἓν

401 865 597 943 μέρος
642 863 784 926 sive
831 863 977 926 καθ’
1020 863 1093 926 ἓν
1138 862 1330 941 μέρος
1363 861 1563 938 λόγου
1609 858 1715 922 vel
1760 860 1887 940 ὑφ’
1917 860 2021 941 ἕν,
2066 861 2214 924 καθ’
2257 862 2330 924 ἓν
2362 860 2816 937 ἀναγινώςκειν
2849 859 2992 923 sive

399 967 479 1029 ἓν
534 967 748 1029 ποιεῖν
804 962 980 1026 idem
1042 970 1142 1025 cst
1195 969 1392 1047 atque
1448 963 1793 1045 ςυνθέτως,
1861 961 1932 1025 ἐν
2000 961 2275 1025 ςυνθέςει
2332 960 2785 1038 ἀναγινώςκειν
2852 960 2994 1025 sive

403 1066 762 1130 ςυντιθέναι
809 1063 904 1127 ita
950 1073 1021 1128 ut
1066 1062 1146 1126 dc
1191 1062 1426 1126 iisdem
1474 1059 1871 1127 dictionibus
1916 1060 2109 1124 modo
2156 1063 2259 1146 ἕν,
2314 1063 2438 1142 ὑφ’
2482 1063 2552 1127 ἕν
2613 1060 2804 1126 modo
2851 1083 2991 1127 ςυν-

399 1168 646 1231 τιθέναι
691 1164 1063 1250 proferatur
1108 1173 1182 1228 ut
1227 1163 1471 1227 factum
1518 1172 1618 1226 est
1660 1164 1724 1226 in
1773 1165 1819 1228 Β
1866 1164 1905 1227 8
1949 1163 2015 1225 in
2064 1165 2245 1244 βάςκ’
2288 1163 2404 1243 ἴθι,
2459 1163 2630 1249 quod
2674 1186 2804 1228 non
2851 1186 2991 1230 ςυν-

399 1268 679 1331 τίθεςθαι
722 1286 931 1351 neque
975 1266 1099 1347 ὑφ’
1146 1268 1215 1331 ἕν
1262 1264 1462 1329 scribi
1507 1263 1823 1344 traditur,
1876 1266 1919 1327 Κ
1963 1264 2089 1327 247
2134 1265 2418 1343 περίοιδε
2474 1264 2544 1331 ἐν
2591 1267 2865 1330 ςυνθέςει
2922 1302 2989 1309 -—-

403 1370 420 1432 l
473 1368 518 1429 4
560 1369 998 1447 περικείμενον
1044 1368 1148 1449 ἕν,
1206 1368 1220 1431 Ι
1267 1366 1392 1430 236
1436 1366 1682 1432 ἐνδέξια
1736 1368 1809 1430 ἓν
1856 1366 2047 1444 μέρος
2094 1367 2295 1443 λόγου
2337 1402 2425 1414 —
2465 1368 2522 1431 Φ
2574 1366 2691 1429 163
2747 1368 2993 1444 περιδέ-

398 1475 543 1534 ξιος
587 1471 932 1552 ςυνθὲτως,
977 1468 1186 1546 οὔρεςι
1232 1469 1526 1533 τέκτονες
1560 1468 1609 1532 Ν
1641 1466 1769 1530 390
1797 1488 1925 1530 non
1970 1467 2091 1546 ὑφ’
2135 1468 2207 1535 ἕν
2253 1477 2321 1531 et
2363 1466 2568 1532 altero
2607 1466 2746 1531 loco
2776 1468 2840 1533 Π
2868 1466 2995 1529 483

398 1592 542 1633 non
587 1571 902 1635 ςυνθέτως
946 1568 1362 1633 scribendum
1407 1567 1698 1632 docetur.

580 1670 878 1735 Eundem
935 1692 1126 1758 quem
1182 1670 1521 1749 παράθεςις
1577 1672 1765 1753 (κατὰ
1818 1671 2161 1751 παράθεςιν
2206 1671 2690 1751 ἀναγινώςκειν)
2745 1668 2995 1734 intelle-

403 1782 588 1837 ctum
635 1770 832 1837 habet
891 1774 1010 1863 δύο
1066 1772 1222 1852 μέρη
1269 1771 1499 1855 λόγου,
1557 1772 1628 1836 ἐν
1686 1774 1822 1838 δυςὶ
1879 1774 2084 1851 μέρεςι
2142 1773 2343 1849 λόγου
2393 1780 2459 1835 ct
2500 1771 2869 1857 promiscue
2914 1770 2996 1834 de

403 1871 641 1937 eadem
688 1873 970 1938 dictione
1012 1882 1412 1958 usurpantur
1456 1894 1511 1935 e.
1543 1894 1598 1935 c.
1631 1874 1716 1952 ἂμ
1761 1877 2022 1954 βωμοῖςι
2069 1874 2188 1938 δύο
2234 1875 2390 1954 μέρη
2436 1873 2637 1950 λόγου
2682 1883 2748 1937 et
2792 1875 2995 1952 παρά-

404 1981 575 2041 θεςις
621 1975 673 2039 Θ
717 1975 838 2037 441
889 1973 1130 2038 dicitur
1174 1995 1338 2037 esse.
1667 1966 1678 1981 ‘

582 2074 957 2139 Disiunctio
1010 2073 1480 2140 vocabulorum
1546 2087 1887 2162 practerea
1944 2098 2103 2141 voce
2148 2078 2425 2142 διάλυςις
2472 2084 2761 2151 notatur,
2830 2097 2995 2160 quae

405 2199 560 2241 cum
608 2200 748 2242 voc.
793 2178 1132 2256 παράθεςις
1177 2176 1548 2262 promiscue
1592 2176 1946 2242 adhibetur
1987 2189 2055 2242 et
2099 2180 2373 2243 ςυνθέςει
2419 2177 2771 2263 opponitur
2818 2179 2831 2242 l
2870 2177 2996 2239 34⁶2.

406 2281 521 2358 ἔμ’
565 2279 765 2344 αὐτόν
821 2281 980 2344 κατὰ
1024 2280 1338 2361 διάλυςιν,
1393 2279 1587 2344 πάλιν
1641 2281 2035 2358 τροπάαςθαι
2078 2282 2235 2345 κατὰ
2289 2280 2572 2344 διάλυςιν
2616 2279 2680 2344 Π
2724 2277 2834 2357 95,
2893 2279 2999 2343 δαῒ
3110 2342 3119 2349 ,

407 2382 763 2459 κταμένων;
829 2380 1090 2459 ἄμεινον
1145 2382 1302 2445 κατὰ
1366 2381 1678 2463 διάλυςιν,
1740 2380 1821 2444 οὐ
1888 2382 2010 2459 γὰρ
2071 2383 2274 2446 πλέον
2341 2382 2409 2444 ἐκ
2474 2385 2585 2458 τῆς
2650 2382 2997 2445 ςυνθέςεως

406 2482 464 2545 Φ
513 2481 672 2561 3013
731 2479 1005 2545 dictioni
1059 2483 1216 2547 κατὰ
1273 2482 1555 2546 διάλυςιν
1600 2502 1826 2566 parem
1884 2481 2322 2565 significatum
2380 2481 2576 2546 habet
2619 2483 2760 2546 κατ>
2806 2482 2996 2545 ἰδίαν;

407 2584 458 2647 A
506 2581 634 2645 652
677 2584 869 2647 πάλιν
915 2582 1222 2667 ἄγγελος,
1278 2585 1434 2648 κατὰ
1493 2582 1690 2665 ἰδίαν,
1747 2584 1810 2647 Π
1855 2582 1981 2645 636
2037 2585 2110 2647 εὖ
2166 2585 2496 2662 ποιητάων
2540 2581 2805 2668 quidam
2852 2582 2999 2645 κατ’

411 2684 582 2750 ἰδίαν
625 2685 1055 2770 pronunciare
1100 2682 1481 2764 voluerunt,
1528 2682 1909 2747 Herodiano
1956 2682 2083 2748 fuit
2124 2685 2213 2749 ἕν.

585 2785 714 2849 Pro
756 2786 963 2851 verbo
1008 2789 1357 2852 ςυντιθέναι
1403 2783 1600 2849 semel
1633 2787 1970 2851 ςυνάπτειν
2014 2785 2081 2848 in
2128 2785 2398 2851 Prosod.
2434 2784 2507 2852 Il.
2541 2787 2584 2852 Ε
2612 2785 2739 2850 332
2784 2785 3000 2870 reperi

409 2890 795 2953 ςυνάπτουςι
840 2895 931 2973 τῷ
976 2890 1372 2968 κοιρανέουςι
1417 2889 1493 2952 τὸ
1538 2889 1711 2953 κατά.

585 2988 877 3053 Verbum
922 2991 1201 3056 διαλύειν
1246 2988 1667 3054 Herodianus
1715 2988 1796 3053 de
1842 2989 2371 3053 discriminandis
2427 2989 2768 3055 vocabulis
2812 3009 3001 3052 usur·

408 3100 528 3175 pat
576 3092 616 3154 Γ
657 3090 786 3153 440
828 3093 1286 3172 διαλελυμένον
1330 3096 1447 3156 τοῦ
1490 3092 1807 3174 πάρειςιν,
1862 3092 2166 3157 ἀναλύειν
2220 3090 2548 3156 diversam
2607 3091 2999 3156 sententiam

405 3190 615 3255 habet
658 3192 724 3254 in
780 3195 834 3257 Θ
877 3191 1000 3255 527
1059 3193 1205 3257 ἔθος
1259 3193 1435 3272 αὐτῷ
1491 3193 1610 3278 (sc.
1659 3191 1975 3276 Homero)
2030 3195 2337 3259 πολλάκις
2392 3195 2470 3258 τὰ
2526 3194 2791 3259 ςύνθετα
2845 3193 2998 3257 ἀνα-

409 3294 627 3376 λύειν,
674 3294 789 3357 ubi
833 3314 1059 3358 vocem
1090 3295 1665 3374 κηρεςςιφορήτους
1708 3303 1969 3379 poetam
2013 3317 2131 3360 suo
2164 3317 2341 3358 more
2384 3316 2503 3379 per
2545 3302 2754 3360 totum
2799 3316 3000 3358 enun-

404 3394 660 3457 ciatum
718 3396 836 3459 οὓς
896 3399 1079 3474 κῆρες
1140 3396 1450 3476 φορέουςι
1517 3394 1938 3481 circumloqui
2008 3396 2355 3478 significat.
2456 3396 2690 3479 Verba,
2734 3400 3001 3475 διαιρεῖν

404 3505 474 3574 et
536 3496 924 3561 διαςτέλλειν
981 3495 1254 3561 adhibet
1305 3495 1720 3559 Herodianus
1774 3518 1903 3560 non
1963 3496 2077 3561 ubi
2132 3494 2457 3562 vocabula
2505 3497 2999 3583 compositionis

405 3596 564 3682 lege
608 3606 723 3661 aut
764 3596 1126 3661 sententiae
1180 3595 1442 3662 vinculo
1500 3597 1848 3661 coniuncta
1905 3620 2047 3660 csse
2090 3607 2318 3682 negat,
2377 3597 2491 3661 sed
2539 3608 2679 3663 tum
2726 3607 2999 3679 tantum,

401 3700 524 3764 nbi
590 3697 879 3783 syllabas
938 3698 1290 3781 literasque
1354 3709 1468 3763 aut
1535 3698 1621 3763 ab
1676 3698 2212 3764 antecedentibus
2278 3697 2425 3763 aut*
2443 3700 2528 3763 ab
2574 3699 2999 3784 sequentibus

402 3800 815 3885 separandas
859 3822 1002 3864 esse
1048 3811 1291 3864 censet.
1359 3801 1411 3864 Ω
1441 3800 1567 3864 318
1611 3801 1861 3880 ἐϋκλήῖς
1906 3801 2180 3880 ἀραρυῖα
2210 3802 2608 3880 Ἀρίςταρχος
2642 3803 2731 3866 ὡς
2776 3802 2999 3881 εὐκνή-

401 3924 506 3982 μις
553 3937 647 3948 -
688 3902 798 3966 εἰςὶ
842 3903 915 3966 δὲ
969 3903 1033 3966 οἳ
1079 3905 1319 3968 διεῖλον
1371 3900 1450 3967 {ii
1501 3904 1724 3981 κληῗς’.
1810 3902 1866 3966 Ζ
1918 3902 2045 3964 319
2100 3902 2162 3966 οἱ
2218 3904 2331 3980 μὲν
2391 3907 2736 3980 διαιροῦςιν
2790 3902 3000 3984 ἔχεν,

400 4005 552 4069 εἶτα
613 4003 963 4081 δεκάπηχυ·
1022 4003 1085 4068 οἱ
1139 4005 1212 4068 δὲ
1265 4003 1679 4082 ἑνδεκάπηχυ.
1779 4004 1831 4068 O
1886 4004 2012 4066 679
2066 4008 2272 4067 κακῶς
2328 4003 2466 4067 ὅςοι
2532 4003 2999 4067 διαςτέλλουςιν

402 4106 530 4187 (sc.
586 4106 930 4184 κελητίζειν
976 4105 1042 4166 in
1087 4106 1300 4183 κέλητ’
1341 4105 1542 4186 ἵζειν).
1607 4106 1658 4169 A
1702 4105 1826 4167 636
1872 4104 2069 4169 ἄλλος
2111 4140 2195 4150 -
2239 4104 2352 4168 eici
2408 4105 2477 4167 δὲ
2536 4104 2599 4168 οἱ
2654 4104 2998 4169 διέςτειλαν

399 4208 552 4271 ἀλλ’
604 4208 693 4271 ὃς.
781 4204 1283 4269 Substantivum
1341 4207 1631 4285 διαίρεςις
1685 4205 1806 4268 hoc
1864 4203 2194 4268 intellectu
2250 4203 2411 4267 *mihi
2463 4226 2532 4268 sc
2578 4204 2754 4289 apud
2798 4204 2997 4267 Hero-

398 4308 686 4371 dianum
744 4328 874 4370 non
933 4304 1202 4386 obtulit,
1272 4306 1388 4370 sed
1453 4308 1748 4384 διαςτολή
1814 4304 1956 4369 loco
2016 4306 2208 4370 modo
2263 4305 2463 4370 citato
2521 4314 2587 4368 et
2638 4306 2689 4370 A
2736 4305 2858 4369 754
2916 4307 2996 4371 δι’

398 4409 719 4478 ἀςπιδὲος
761 4443 850 4456 -·
891 4410 1056 4473 τινὲς
1112 4411 1225 4487 μὲν
1279 4410 1412 4474 ἀπὸ
1455 4413 1572 4473 τοῦ
1621 4413 1667 4471 ’ἁ
1718 4412 2054 4473 ποιοῦνται
2110 4410 2224 4486 τὴν
2271 4408 2639 4488 διαςτολήν,
2687 4407 2783 4471 ἵν’
2827 4408 2865 4490 ᾖ
2911 4407 3000 4470 δι’

398 4510 749 4592 ἀςπιδέος,
816 4509 873 4573 Ξ
929 4509 1050 4572 183
1118 4510 1420 4590 τρίγληνα
1477 4510 1794 4588 μορόεντα
1863 4508 2068 4573 οὕτως
2111 4509 2510 4587 Ἀρίςταρχος
2574 4508 2708 4572 ἀπὸ
2768 4513 2884 4572 τοῦ
2959 4513 2999 4585 μ

399 4616 696 4677 ποιεῖται
738 4612 855 4689 τὴν
915 4613 1280 4689 διαςτολήν;
1336 4621 1404 4675 et
1459 4611 1768 4676 διάςταςις
1821 4610 1873 4674 A
1923 4609 2035 4672 101
2087 4615 2162 4690 βῆ
2208 4610 2275 4688 ῥ’
2320 4610 2484 4673 Ἷςον
2539 4609 2696 4673 κατὰ
2751 4608 3000 4673 διάςτα-

398 4734 531 4796 ςιν,
584 4710 709 4775 alii
752 4711 926 4774 enim
972 4712 1237 4790 Βήριςον
1283 4712 1702 4796 scripserunt.

581 4811 1045 4877 Herodianum
1089 4821 1154 4875 et
1196 4812 1654 4893 connexivam,
1701 4797 1867 4898 quae
1910 4811 2152 4878 dicitur
2196 4814 2315 4894 ὑφ’
2360 4811 2463 4894 ἕν,
2509 4818 2729 4875 notam
2775 4821 2840 4876 et
2871 4811 2999 4876 dis-
