3664 5546
1161 386 1321 441 ΠΕΡΙ
1361 386 1753 441 ΚΑΘΟΛΙΚΗΕ
1790 384 2215 441 ΠΡΟΕΩιΔΙΑΕ
2254 385 2324 439 ΙΕ.
2916 385 3045 452 425

458 566 767 644 ςπῶνται,
814 558 1008 625 καλός
1039 561 1240 623 καλοῦ
1285 561 1578 641 καλῶν,
1623 558 1800 637 ψυχή
1847 561 2059 637 ψυχῆς
2103 564 2410 641 ψυχῶν,
2457 557 2732 636 λουτρόν
2764 561 3044 636 λουτροῦ

458 666 851 744 λουτρῶν,
896 660 1062 725 ἀλλὰ
1107 661 1210 726 καὶ
1251 659 1472 741 Ἑρμῆς
1500 658 1728 740 Ἑρμοῦ
1773 659 2092 742 Ἑρμῶν,
2136 663 2410 738 χρυςοῦς
2438 663 2675 738 χρυςοῦ
2719 664 3042 738 χρυςῶν.

457 763 513 828 εἰ
577 765 657 828 δὲ
714 763 1334 846 περιττοςυλλάβως,
1407 761 1687 827 ἐντελεῖς
1757 762 1874 839 μὲν
1947 760 2129 826 ούςαι
2208 762 2713 843 παροξύνονται,
2787 759 3046 841 εὐςεβής

459 865 751 946 εύςεβέος
814 864 1240 947 εύςεβέων,
1306 863 1619 943 Ἡρακλῆς
1682 862 2031 941 Ἡρακλέος
2086 862 2558 942 Ἡρακλέων·
2626 862 3045 947 ςυνῃρημέναι

461 969 531 1033 δὲ
585 974 1049 1049 περιςπῶνται,
1103 959 1409 1046 εὐςεβοῦς
1463 965 1837 1047 εύςεβῶν,
1892 963 2199 1042 εὐγενοῦς
2253 964 2634 1049 εὐγενῶν,
2689 965 3041 1045 Ἡρακλοῦς
3085 973 3118 1024 5

457 1069 873 1149 Ἡρακλῶν.
968 1066 981 1072 ’

626 1171 701 1236 Αἱ
743 1172 815 1236 δὲ
857 1170 948 1236 εἰς
990 1173 1055 1234 ὃῑ
1099 1170 1403 1249 λήγουςαι
1448 1168 1862 1248 πληθυντικαὶ
1905 1167 2145 1234 εὐθεῖαι
2189 1169 2531 1250 βαρύτονοι
2564 1169 2903 1250 βαρύνουςι
2946 1171 3050 1235 καὶ

459 1274 572 1338 τὰς
627 1272 785 1338 ἰδίας
828 1272 1111 1356 γενικάς,
1170 1273 1350 1353 φίλοι
1406 1270 1693 1354 φίλων,
1754 1269 1981 1349 ἥμεροι
2025 1271 2363 1351 ἡμέρων·
2419 1271 2484 1336 αἱ
2537 1273 2608 1337 δὲ
2664 1271 2962 1339 ὀξύτονοι
3006 1273 3045 1350 ἢ

460 1376 930 1455 περιςπώμεναι
960 1380 1422 1458 περιςπῶνται,
1466 1372 1649 1438 καλοί
1690 1376 1983 1455 καλῶν,
2028 1373 2221 1452 ςοφοί
2266 1380 2565 1456 ςοφῶν,
2610 1375 2836 1453 χρυςοῖ
2865 1393 3046 1453 χρυ-

463 1478 917 1559 ςῶν,,χαλκοῖ
960 1480 1288 1554 χαλκῶν.
3087 1482 3152 1535 10

628 1577 701 1642 Αἱ
747 1580 819 1642 δὲ
868 1578 958 1643 εἰς
1011 1582 1077 1642 ᾶῖ
1131 1577 1369 1643 εὐθεῖαι
1423 1577 1840 1657 πληθυντικαὶ
1895 1580 2272 1657 μονογενεῖς
2325 1585 2666 1656 περιςπῶςι
2720 1577 2836 1643 τὰς
2893 1576 3050 1643 ἰδίας

463 1679 746 1762 γενικάς,
805 1678 1078 1758 Μήδειαι
1135 1681 1527 1762 Μηδειῶν,
1571 1678 1807 1745 Αἰνεῖαι
1851 1679 2197 1744 Αἰνειῶν.
2288 1680 2731 1760 ςεςημείωνται
2776 1680 3047 1761 βαρυνό-

464 1801 623 1862 μενα
665 1781 961 1863 τέςςαρα,
1018 1785 1287 1860 χλοῦναι
1345 1780 1738 1865 χλούνων,
1794 1779 2027 1861 ἐτηςίαι
2071 1780 2427 1866 ἐτηνςίων,
2483 1781 2687 1861 ἀφύαι
2738 1781 3048 1865 ἀφύων,

463 1887 722 1962 χρῆςται
765 1884 1120 1963 χρήςτων
1165 1884 1271 1948 διὰ
1314 1884 1391 1949 τὸ
1435 1884 1517 1964 μὴ
1559 1886 1892 1963 ςυμπεςεῖν
1933 1889 2027 1966 τῷ
2070 1884 2336 1963 χρηςτός
2380 1884 2634 1964 χρηςτοί
2679 1905 2817 1964 χρη
2836 1890 3049 1950 ςτῶν.

462 1986 539 2050 τὸ
584 1984 788 2065 ἀφύαι
832 1977 1026 2050 πάλιν
1072 1986 1344 2068 βαρέως,
1385 1985 1497 2050 ἵνα
1540 1987 1621 2065 μὴ
1668 1987 2017 2069 ςυνεμπέςῃ
2059 1992 2153 2069 τῶ
2198 1984 2430 2065 ἀφυεῖς
2471 1992 2605 2050 τῶν
2649 1984 2941 2067 ἀφυῶν.
3089 1994 3151 2046 15

630 2087 704 2151 Αἱ
748 2086 837 2153 εἰς
880 2089 947 2152 Hi
1002 2086 1304 2163 λήγουςαι
1348 2086 1586 2152 εὐθεῖαι
1641 2088 1906 2178 θηλυκαὶ
1949 2089 2362 2166 πληθυντικαὶ
2405 2088 3050 2169 παρεςχηματιςμέναι

464 2187 847 2273 ἀρςενικοῑς,
893 2189 949 2254 εἰ
993 2190 1109 2269 μὲν
1153 2189 1367 2268 ἔχοιεν
1410 2191 1526 2268 τὴν
1572 2191 1998 2268 πληθυντικὴν
2045 2189 2403 2270 ὁμόφωνον
2445 2192 2670 2273 τῇρτοῦ
2715 2189 3050 2268 ἀρςενικοῦ

461 2297 709 2373 γενικῇ,
763 2290 1023 2356 πάντως
1068 2292 1171 2355 καὶ
1213 2290 1536 2370 ὁμότονον
1582 2292 1867 2370 ἔχουςιν·
1926 2291 2016 2355 ὡς
2070 2291 2192 2369 γὰρ
2249 2291 2313 2355 οἱ
2369 2290 2549 2371 φίλοι
2591 2295 2723 2356 τῶν
2769 2291 3052 2374 φίλων,

465 2392 672 2457 οὕτως
716 2392 820 2457 καὶ
862 2392 926 2456 αἱ
970 2393 1149 2471 φίλαι
1192 2397 1347 2458 τῶν
1393 2393 1680 2475 φίλων,
1735 2392 1839 2456 καὶ
1883 2393 1975 2458 ὡς
2020 2392 2083 2456 οἱ
2127 2392 2311 2456 καλοί
2364 2398 2517 2458 τῶν
2576 2385 2833 2459 καλῶν
2878 2413 3053 2472 περι-

466 2497 724 2575 ςπᾶται,
770 2493 978 2558 οὕτως
1008 2494 1113 2557 καὶ
1153 2494 1217 2558 αἱ
1261 2493 1445 2558 καλαί
1488 2498 1640 2559 τῶν
1685 2497 1945 2579 καλῶν
1990 2498 2379 2572 περιςπᾶται.
2439 2493 2496 2558 εἰ
2538 2494 2755 2573 μέντοι
2786 2496 2867 2574 μὴ
2899 2494 3052 2576 ὁμο-
3088 2508 3157 2584 20

466 2598 758 2674 φωνοῑεν
803 2594 868 2658 αἱ
909 2595 1180 2676 γενικαί,
1234 2595 1493 2660 πάντως
1546 2595 1622 2659 τὸ
1680 2596 1959 2673 θηλυκὸν
2014 2599 2416 2677 περιςπᾶται,
2473 2595 2536 2660 οἱ
2585 2597 2856 2662 τάλανες
2897 2602 3053 2662 τῶν

464 2696 829 2761 ταλάνων
876 2695 1275 2780 βαρυτόνως,
1320 2696 1387 2761 αἱ
1427 2696 1719 2761 τάλαιναι
1763 2703 1916 2761 τῶν
1961 2700 2353 2763 ταλαινῶν
2384 2698 2895 2779 περιςπωμένως.
2952 2700 3055 2764 καὶ

465 2799 688 2877 ταχέες
732 2799 948 2879 μέντοι
989 2798 1293 2877 ταχέων
1326 2798 1728 2882 βαρυτόνως,
1771 2802 2019 2876 ταχεῖαι
2058 2801 2130 2864 δὲ
2172 2805 2505 2879 ταχειῶν
2537 2801 3052 2880 περιςπωμένως.

466 2899 541 2965 τὸ
587 2899 746 2965 αὐτὸ
791 2901 894 2965 καὶ
922 2900 1029 2965 ἐπὶ
1063 2904 1383 2983 μετοχῶν,
1431 2900 1494 2964 οἱ
1522 2900 1910 2979 τυπτόμενοι
1951 2905 2104 2966 τῶν
2148 2903 2696 2985 τυπτομένων,
2740 2903 2908 2968 ἀλλὰ
2951 2904 3056 2968 καὶ

465 2994 852 3083 τυπτόμενοι
894 3007 1047 3067 τῶν
1090 3001 1608 3083 τυπτομένων
1655 3002 2040 3082 βαρυτόνως.
2129 3002 2234 3067 ἐπὶ
2288 3005 2359 3068 δὲ
2403 3007 2522 3068 τοῦ
2566 3009 2907 3069 ποιοῦντες
2951 3006 3055 3070 καὶ
3089 3017 3155 3069 25

467 3107 760 3170 ποιοῦςαι
806 3103 1044 3170 οὐκέτι·
1102 3104 1556 3169 ποιούντων
1614 3105 1730 3182 μὲν
1773 3103 1899 3182 γὰρ
1952 3104 2028 3168 τὸ
2073 3103 2409 3183 ἀρςενικὸν
2455 3106 2855 3188 βαρυτόνως,
2912 3127 3053 3171 ποι-

469 3211 649 3271 οὓςαι
693 3207 764 3271 δὲ
809 3210 1209 3272 ποιουςῶν
1249 3206 1762 3285 περιςπωμένως.
1792 3240 1879 3251 -
1911 3205 2021 3270 ὅτε
2066 3207 2137 3271 δὲ
2184 3208 2342 3271 κατὰ
2372 3207 2707 3273 διάλεκτον
2753 3208 2791 3285 ἢ
2837 3210 3052 3287 γενικὴ

466 3309 725 3386 τροπὴν·
760 3309 1064 3387 ὑπομένει
1107 3311 1225 3372 τοῦ
1267 3309 1369 3372 ὢν
1414 3306 1503 3373 εἰς
1546 3311 1661 3390 οἶν,
1705 3311 2108 3391 περιςπᾶται,
2154 3312 2528 3391 κυανεᾶν,
2574 3307 3053 3389 ἀμφοτερᾶν.

465 3444 552 3455 -
596 3408 892 3475 ἐντεῦθεν
945 3410 1022 3473 τὸ
1068 3409 1302 3474 Ῥοδίαι
1347 3410 1450 3475 καὶ
1492 3408 1709 3489 (αμίαι
1763 3410 1867 3473 καὶ
1921 3410 2000 3474 τὰ
2043 3415 2337 3493 τοιαῦτα,
2395 3410 2451 3475 εἰ
2505 3413 2619 3489 μὲν
2675 3410 2891 3476 ἐθνικὰ
2935 3410 3054 3495 εἴη,

471 3509 845 3591 ςυμβαρύνει
891 3513 1029 3574 ταῖς
1074 3510 1429 3589 ἀρςενικαῖς
1473 3511 1587 3575 τὰς
1630 3510 1912 3588 γενικὰς·
1982 3509 2036 3576 εἰ
2080 3513 2152 3575 δὲ
2208 3513 2392 3590 κύρια
2432 3547 2517 3558 -
2562 3512 2887 3590 ἐνδέχεται
2931 3512 3056 3591 γὰρ
3093 3524 3160 3577 30

471 3610 725 3676 Ῥοδίαν
769 3612 913 3675 τινὰ
955 3614 1272 3676 καλεῖςθαι
1317 3613 1420 3677 καὶ
1455 3612 1688 3691 (αμίαν
1716 3648 1803 3660 —
1830 3611 1976 3676 τότε
2022 3618 2366 3691 περιςπῶςι
2409 3613 2524 3678 τὰς
2567 3615 2851 3698 γενικάς,
2896 3614 3056 3679 Ῥο-

473 3716 657 3778 διῶν
702 3713 804 3776 καὶ
849 3712 1166 3792 (αμιῶν.
1255 3715 1360 3778 διὰ
1412 3717 1609 3778 τοῦτο
1661 3713 1888 3793 ἡμέραι
1943 3714 2057 3793 μὲν
2114 3714 2219 3779 ἐπὶ
2267 3718 2384 3779 τοῦ
2428 3715 2673 3794 χρόνου
2716 3717 3055 3798 ἡμερῶν,

469 3814 694 3894 ἥμεραι
740 3816 810 3879 δὲ
853 3813 1163 3893 ἡμέρων
1208 3815 1571 3880 ἐπιθετικῶς
1604 3816 2004 3898 βαρυτόνως,
2049 3815 2191 3881 ἐπεὶ
2232 3818 2335 3881 καὶ
2381 3816 2442 3881 οἱ
2482 3816 2707 3896 ἥμεροι
2736 3825 2867 3883 τῶν
2908 3818 3056 3897 ἡμέ-

471 3937 621 3995 ρων.
710 3916 785 3980 τὸ
852 3915 1084 3993 πόρναι
1148 3922 1471 3993 πορνῶν
1531 3918 1633 3980 καὶ
1686 3917 1912 3994 πέτραι
1964 3924 2276 3995 πετρῶν
2336 3919 2441 3982 καὶ
2503 3925 2704 3997 χῶραι
2748 3926 3058 4003 χωρῶν,

472 4018 695 4099 βάκχαι
740 4022 1086 4100 βακχῶν,
1130 4016 1315 4095 ὄχθαι
1360 4016 1649 4100 ὀχθῶν,
1695 4021 1883 4098 χῆραι
1928 4025 2220 4100 χηρῶν,
2265 4023 2489 4097 κοῦραι
2533 4027 2871 4102 κουρῶν,
2916 4041 3060 4085 παι·
3096 4031 3159 4084 35

607 4308 643 4357 l.
681 4309 848 4357 7—-10
883 4322 951 4356 ex
987 4305 1065 4355 10.
1102 4305 1188 4356 Al.
1231 4307 1318 4368 16,
1355 4309 1437 4356 31.
1475 4330 1540 4341 -
1586 4321 1674 4371 ap.
1713 4305 2009 4355 Arcadium
2044 4306 2249 4356 similia
2294 4310 2516 4357 exstant
2552 4323 2603 4372 p.
2642 4309 2766 4371 136,
2805 4312 2890 4359 39.

469 4375 505 4425 1.
548 4376 744 4425 11-15
782 4390 849 4424 ex
882 4374 961 4424 Ῑο.
997 4373 1082 4423 Al.
1122 4375 1203 4434 16,
1241 4374 1325 4424 35.
1400 4372 1670 4424 Arcadius
1716 4373 1919 4424 similia
1952 4375 2185 4439 praebet
2232 4391 2283 4439 p.
2326 4377 2449 4435 134,
2487 4376 2571 4426 26.
2610 4402 2667 4413 -
2709 4376 2904 4427 Choer.
2940 4379 3058 4441 455,

470 4445 535 4494 32
572 4442 639 4492 de
676 4440 965 4506 χλούνων;
1005 4438 1225 4492 θέλουςί
1259 4454 1408 4492 τινες
1445 4439 1842 4504 ἀπολογεῖςθαι
1878 4439 2090 4505 οὕτως,
2140 4440 2229 4493 ὅτι
2273 4439 2389 4492 ἀπὸ
2424 4445 2528 4493 τοῦ
2567 4443 2830 4506 χλοεῠναι
2866 4444 3060 4506 χλοεύ-

473 4524 592 4560 νων
627 4507 854 4572 ἐγένετο
899 4509 1133 4572 χλοῠναι
1168 4508 1430 4572 χλούνων
1476 4508 1565 4560 καὶ
1605 4508 1850 4572 ἐφύλαξε
1885 4509 1993 4573 τὴν
2033 4510 2258 4573 βαρεῖαν
2294 4507 2450 4561 τάςιν
2488 4511 2556 4561 ef.
2593 4511 2656 4564 Ε.
2697 4513 2770 4562 Μ.
2806 4513 2933 4576 812,
2969 4515 3055 4575 47,

474 4577 613 4629 Gud.
648 4579 765 4635 662,
802 4580 884 4628 61.
940 4577 1089 4627 idem
1126 4576 1193 4627 de
1231 4573 1498 4641 ἑτηςίωνε
1537 4576 1606 4628 τὸ
1644 4574 1854 4642 ἐτηςίαι
1891 4574 2131 4641 ἐτηςίων
2165 4576 2420 4640 λέγουςιν
2456 4577 2544 4629 ὅτι
2578 4577 2880 4642 ςυνέδραμε
2916 4580 3059 4631 κατὰ

472 4644 582 4707 τὴν
626 4644 856 4708 γενικὴν
890 4645 1014 4695 τῶν
1050 4644 1452 4708 πληθυντικῶν
1496 4647 1582 4709 τῷ
1621 4642 1826 4709 ἐτήςιοι
1874 4642 2127 4708 ἐτηςίων.
2199 4646 2270 4695 ef.
2306 4646 2445 4697 Lob.
2482 4646 2685 4699 Parall.
2721 4649 2822 4697 269
2858 4652 2970 4699 not.
3008 4650 3060 4699 8.

607 4712 643 4762 1.
683 4714 880 4762 16—12
918 4728 1044 4779 pag.
1082 4728 1196 4778 seq.
1233 4712 1429 4776 χιλιῶν
1455 4740 1519 4747 -
1546 4714 1880 4777 περιςπᾶται
1917 4729 1986 4764 ox
2019 4712 2210 4763 10.A1.
2237 4716 2317 4774 17,
2345 4717 2496 4766 6,·-
2531 4713 2567 4767 1.
2594 4717 2660 4765 27
2696 4713 2792 4765 ὅτε
2830 4712 2891 4766 δὲ
2917 4714 3060 4768 κατὰ

475 4775 767 4833 διάλεκτον
791 4806 859 4817 --
883 4778 1212 4844 ἀμφοτερᾶν
1246 4781 1454 4831 inserui
1487 4797 1556 4832 ex
1580 4780 1776 4831 Arcad.
1803 4782 1919 4841 135,
1948 4782 2026 4833 15.
2066 4808 2129 4817 —
2173 4781 2207 4834 1.
2234 4783 2300 4831 35
2337 4781 2587 4847 exempla
2612 4780 2807 4846 βάκχαι
2833 4783 3060 4847 βακχῶν

475 4872 538 4881 -
575 4846 881 4899 παιὸιςκῶν
918 4864 985 4899 ex
1022 4848 1141 4900 eod.
1182 4849 1296 4913 138,
1338 4850 1418 4912 18,
1459 4848 1836 4915 testimonium
1868 4847 2161 4902 Menandri
2197 4848 2389 4899 addidi
2426 4866 2494 4901 ex
2529 4850 2724 4902 Choer.
2762 4852 2881 4916 457,
2919 4855 3001 4906 35.
