3664 5546
650 361 736 429 52
1594 374 1675 429 εκ
1714 375 1854 429 τΩΝ
1897 377 2304 434 ΗΡΩΔιΑΝοΥ

653 539 723 602 δὲ
779 538 858 603 τὰ
914 536 1002 603 εἰς
1053 542 1138 602 ffc·
1198 543 1510 627 καθαρόν,
1572 545 1872 630 Νικίας,
1928 548 2239 632 Λυςίας,
2299 550 2629 633 Ἀρχίας,
2685 552 2993 636 Λοξίας,
3053 556 3239 634 Γορ-
3312 553 3319 561 '

651 641 849 725 γίας,
917 641 1288 729 Ἐρυξίας,
1354 649 1864 732 δρακοντίας,
1945 650 2404 736 ὀνοματίας,
2467 655 2935 739 κοππατίας,
3002 677 3240 735 ταρα-

652 745 847 829 ξίας,
924 747 1279 830 κοχλίας,
1356 751 1870 834 τραυματίας,
1950 755 2285 838 Παπίας,
2362 753 2623 821 Ὠπίας
2696 757 2885 823 ἔθνος
2960 759 3238 823 Ἰνδικόν.

653 846 976 914 Ἑκαταῖος
1019 848 1184 933 Ἀςίᾳ
1233 850 1344 915 «ἔν
1392 854 1462 916 δὲ
1507 852 1749 919 αὐτοῖςι
1796 854 2065 921 οἰκέουςι
2113 856 2442 936 ἄνθρωποι
2498 860 2671 937 παρὰ
2713 861 2829 924 τὸν
2876 861 3075 926 Ἰνδὸν
3120 882 3237 924 πο-

584 955 618 1007 5
652 952 853 1031 ταμὸν
911 950 1148 1034 Ὢπίαι,
1206 953 1276 1018 ἐν
1333 956 1403 1019 δὲ
1459 958 1668 1034 τεῖχος
1726 959 2063 1036 βαςιλήϊον.
2154 960 2331 1039 μέχρι
2391 960 2628 1025 τούτου
2684 959 2922 1043 Ὠπίαι,
2980 962 3109 1028 ἀπὸ
3168 965 3239 1027 δὲ

651 1053 904 1120 τούτων
971 1054 1189 1134 ἐρημίη
1255 1056 1467 1134 μέχρις
1532 1058 1807 1122 Ἰνδῶν».
1931 1061 2352 1144 Προυςίας,
2418 1064 2770 1141 Πρακίας
2845 1063 3034 1129 ἔθνος
3107 1063 3238 1128 ἀπὸ

651 1157 911 1235 Πρακὸς
954 1161 1071 1221 τοῦ
1118 1158 1181 1223 ἐξ
1225 1158 1528 1239 Ἠπείρου
1585 1162 1699 1239 μὲν
1745 1160 2168 1244 ὁρμήςαντος,
2229 1163 2596 1242 οἰκήςαντος
2652 1168 2722 1230 δε
2778 1166 2848 1230 ἐν
2902 1165 3237 1248 τῇ-Λακω-

653 1268 809 1346 νικῇ.
899 1261 1198 1341 Ἀγρίας
1242 1262 1432 1328 ἔθνος
1475 1263 1786 1329 Παιονίας
1834 1265 2061 1341 μεταξὺ
2105 1264 2305 1344 Αἵμου
2350 1267 2450 1330 καὶ
2495 1266 2827 1347 Ῥοδόπης.
2884 1269 3059 1346 παρὰ
3102 1269 3235 1333 Πο-

657 1363 851 1446 λυβίῳ
897 1363 968 1426 δὲ
1012 1362 1116 1425 διὰ
1158 1364 1275 1425 τοῦ
1307 1375 1361 1429 α.
1428 1365 1656 1444 εὑρέθη
1702 1369 1773 1430 δὲ
1816 1367 1887 1430 έν
1921 1366 2426 1452 ὀκτωκαιδεκάτῃ
2476 1370 2592 1433 «τὸ
2636 1369 2759 1447 γὰρ
2788 1374 2919 1434 τῶν
2952 1371 3236 1447 Ἀγραῶν

553 1465 619 1517 10
655 1466 904 1532 ἔθνος».
995 1466 1287 1542 λέγονται
1332 1466 1435 1530 καὶ
1479 1466 1758 1546 Ἀγρὰϊοι
1814 1470 1916 1531 καὶ
1961 1468 2229 1547 Ἀγριεῖς
2282 1471 2371 1533 ὡς
2415 1469 2803 1549 Θεόπομπος
2848 1474 2951 1535 καὶ
2996 1472 3236 1549 Ἀγριᾶ-

655 1590 777 1634 νες.
866 1568 1164 1647 Ἀδρίας
1208 1568 1449 1632 κόλπος
1495 1570 1668 1647 παρὰ
1712 1570 1828 1647 τὴν
1874 1570 2125 1648 Ἀδρίαν
2170 1571 2362 1636 πόλιν
2409 1574 2508 1636 καὶ
2551 1573 2869 1655 ποταμός,
2930 1574 3020 1638 ῶς
3065 1572 3235 1637 Ἑκα·

654 1675 851 1735 ταῑος.
943 1670 1319 1735 Καλατίας
1363 1672 1552 1747 γε’νος
1597 1672 1875 1736 Ἰνδικόν.
1963 1671 2284 1737 Ἑκαταῖος
2331 1674 2510 1757 Ἀςίᾳ.
2602 1674 2860 1739 Ἀςίας.
2953 1675 3236 1752 Ὅμηρος

656 1777 732 1857 (Β
762 1774 918 1854 461)
978 1773 1198 1837 «Ἀςίω
1256 1773 1325 1837 ἐν
1384 1775 1680 1852 λειμῶνι»
1740 1772 1883 1837 ἀντὶ
1937 1778 2054 1838 τοῦ
2111 1775 2314 1839 Ἀςίου
2379 1776 2621 1857 (γενικὴ
2678 1777 2800 1854 γάρ
2857 1776 3050 1860 ἐςτιν,
3120 1779 3239 1841 οὐκ

657 1879 939 1961 Ἀςιανῷ.
1028 1874 1253 1950 ἀγνοεῖ
1307 1874 1430 1953 γὰρ
1486 1874 1769 1955 Ὅμηρος
1826 1876 1941 1954 τὴν
1997 1876 2201 1940 Ἀςίαν
2260 1878 2349 1941 ῶς
2402 1879 2506 1942 καὶ
2548 1880 2664 1956 τὴν
2709 1877 3080 1959 Εὐρώπην)·
3136 1880 3239 1942 καὶ

557 1973 624 2025 15
661 1980 948 2044 Ἰωνικῶς
991 1977 1204 2041 Ἀςίεω
1248 1979 1350 2040 καὶ
1393 1976 1572 2040 Ἀςίω
1621 1977 1709 2041 ὡς
1752 1977 1827 2040 τὸ
1882 1976 2224 2055 «ἐϋμμελίω
2254 1980 2605 2058 Πριάμοιο»
2640 1980 2730 2062 (Δ
2760 1979 2889 2060 47).
2965 1981 3066 2043 διὸ
3114 2001 3235 2059 χω-

659 2083 753 2160 ρὶς
796 2084 914 2145 τοῦ
957 2082 1012 2143 ῖ.
1102 2078 1425 2160 Ἱππίας,
1483 2078 1933 2161 πωγωνίας,
1994 2079 2393 2162 Γλαυκίας,
2453 2082 2749 2163 τοξίας,
2806 2081 3071 2161 Ἀφίας
3133 2082 3236 2145 κύ-

660 2203 801 2263 ριον
845 2182 1003 2261 παρ’
1048 2175 1442 2262 Εὐφορίωνι,
1487 2180 1919 2244 Πευκετίας
1965 2179 2151 2247 ἔθνος
2181 2185 2319 2247 τοῖς
2365 2182 2716 2262 Οἰνωτροῖς
2761 2184 3100 2265 προςεχές,
3150 2184 3238 2248 ὼς

657 2286 979 2350 Ἑκαταῖος
1022 2283 1324 2367 Εὐρώπῃ,
1379 2282 1653 2346 Πικίας
1710 2283 1899 2347 ἔθνος
1955 2283 2241 2366 Ἰταλίας,
2295 2285 2624 2362 Παρίας·
2712 2285 2837 2348 ἔςτι
2894 2287 2965 2349 δὲ
3030 2285 3238 2363 ὄνομα

658 2388 878 2465 κύριον
933 2387 1034 2450 καὶ
1093 2386 1198 2449 διὰ
1252 2389 1367 2449 τοῦ
1413 2387 1445 2448 ῖ
1493 2384 1824 2468 γράφεται.
1922 2384 1998 2448 τὸ
2053 2385 2174 2463 γὰρ
2230 2389 2537 2464 ςημαῑνον
2592 2388 2707 2450 τὸν
2764 2387 2919 2466 ὄφιν
2978 2387 3083 2450 διὰ
3127 2391 3237 2465 τῆς

553 2483 622 2535 20
655 2493 710 2556 εἾ
755 2489 1112 2569 διφθόγγου
1159 2484 1303 2552 οἷον
1348 2487 1699 2565 παρείας·
1771 2488 1877 2550 καὶ
1918 2486 2082 2550 ἔςτιν
2130 2487 2167 2564 ἡ
2214 2492 2423 2565 χρῆςις
2466 2490 2641 2566 παρὰ
2685 2489 3121 2568 Ἀριςτοφάνει
3168 2489 3236 2553 ἐν

655 2593 935 2675 Πλούτῳ
967 2588 1149 2673 (690)
1197 2615 1219 2644 «
1240 2588 1394 2654 ὀδὰξ
1427 2588 1744 2667 ἐλαβόμην
1779 2590 1868 2653 ῶς
1898 2589 2159 2666 παρείας
2191 2589 2283 2652 ὢν
2315 2588 2524 2668 ὄφις».
2582 2591 2910 2673 Βορέας,
2941 2591 3235 2674 Ἡρέας,

658 2694 1033 2777 Θραςέας,
1108 2692 1482 2773 Κρατέας,
1550 2691 1945 2771 Ἀνδρέας,
2015 2691 2347 2775 Θαλέας,
2404 2693 2743 2772 Μενέας,
2817 2693 3236 2775 Ἀριςτέας,

659 2797 1051 2878 Μναςέας,
1095 2795 1426 2877 Αὐγέας,
1470 2793 1821 2876 Πυθέας,
1869 2792 2127 2858 Ἐλέας
2181 2795 2355 2872 παρὰ
2409 2795 2900 2881 Φιλοςτεφάνῳ,
2956 2796 3238 2861 Φιλέας

656 2899 895 2976 χωρίον
942 2898 1304 2965 Βυζαντίου.
1393 2897 1561 2960 τινὲς
1604 2898 1675 2960 δ“ε
1720 2896 1976 2977 Φιλίαν,
2023 2894 2209 2959 ἄλλοι
2265 2898 2336 2960 δὲ
2380 2896 2616 2961 Φινέαν
2674 2897 3047 2977 γράφουςιν.
3136 2900 3237 2962 καὶ

552 2993 621 3045 25
655 3005 1036 3085 πλεοναςμῷ
1093 3003 1208 3063 τοῦ
1257 3002 1292 3062 ἶ
1334 2998 1673 3081 Αἰνείας,
1716 2997 2088 3078 Ἀὐγείας,
2145 2996 2506 3077 Ἑρμείας.
2607 2998 3008 3081 Τηλεβόας
3067 2999 3237 3078 ἥρως

655 3104 759 3166 καὶ
801 3102 990 3166 ἔθνος
1032 3105 1144 3180 τῆς
1188 3100 1622 3177 Ἀκαρνανίας·
1709 3099 1835 3164 ἔςτι
1882 3101 1980 3163 καὶ
2026 3098 2343 3179 Τηλεβόας
2388 3101 2676 3178 ποταμὸς
2731 3102 2895 3180 πρὸς
2939 3104 3076 3165 ταῖς
3120 3123 3237 3179 πη-

656 3207 799 3281 γαῖς
853 3203 1174 3281 Τίγρητος.
1276 3203 1314 3266 Γ
1331 3201 1566 3265 ενόας
1626 3200 1844 3279 ἄρχων
1906 3201 2296 3283 Μολοττῶν,
2363 3199 2491 3280 ἀφ’
2547 3200 2625 3266 οὗ
2683 3202 2871 3267 ἔθνος
2932 3205 2970 3268 Γ
2973 3206 3235 3268 ενοαῖοι.

660 3305 1005 3370 Ματόας·
1067 3304 1238 3369 οὕτω
1269 3304 1464 3368 πάλαι
1497 3303 1624 3368 ὑπὸ
1656 3301 1912 3367 (κυθῶν
1945 3302 2232 3365 ἐκαλεῖτο
2262 3302 2497 3380 Ἴςτρος
2528 3304 2566 3367 ὁ
2611 3304 2913 3382 ποταμός.
2976 3305 3239 3369 Ματόας

663 3408 734 3472 δέ
802 3407 923 3470 ἐςτι
996 3406 1139 3470 κατ’
1194 3406 1502 3492 Ἕλληνας
1568 3404 1757 3470 ἄςιος.
1855 3404 2353 3482 πατραλοίας.
2455 3406 2850 3489 Μαρςύας,
2919 3407 3237 3488 Ἰχθύας,

557 3501 626 3553 30
663 3508 1019 3591 Ὀθρύας,
1068 3509 1367 3574 Μινύας
1411 3507 1599 3573 ἔθνος
1645 3507 2014 3587 Θεςςαλίας,
2063 3505 2367 3570 Μιλύας
2420 3505 2607 3571 ἔθνος
2653 3508 2715 3572 οἱ
2758 3508 3078 3586 πρότερον
3124 3507 3237 3572 (ό-

665 3614 850 3689 λυμοι
905 3611 994 3675 ὡς
1038 3611 1387 3690 Τιμαγένης
1441 3610 1681 3693 πρώτῳ
1740 3607 2063 3688 βαςιλέων.
2153 3608 2448 3682 λέγονται
2505 3610 2605 3673 καὶ
2651 3610 2887 3674 Μίλυες
2943 3609 3073 3674 ἀπὸ
3121 3611 3237 3675 Μι-

668 3714 821 3792 λύης
864 3717 975 3792 τῆς
1017 3715 1316 3790 γυναικὸς
1362 3711 1654 3790 (ολύμου
1699 3711 1803 3774 καὶ
1847 3709 2152 3792 ἀδελφῆς,
2198 3700 2462 3788 ὕςτερον
2508 3714 2577 3774 δε
2627 3712 2877 3789 Κράγου
2921 3713 3237 3788 γυναικός.

797 3937 833 3986 1.
877 3940 900 3987 1
944 3933 1131 3988 Νικίας
1168 3933 1368 3987 Λυςίας
1403 3936 1762 3985 accesserunt
1800 3947 1865 3981 ex
1902 3931 2200 3982 Herodian.
2239 3933 2295 3982 in
2334 3933 2432 3982 An.
2461 3936 2559 3984 Ox.
2587 3934 2662 3983 IV
2687 3936 2803 3997 335,
2842 3937 2922 3994 13,
2962 3935 2997 3983 1.
3022 3938 3053 3984 2
3091 3932 3237 3997 ’Epu-

663 4002 779 4057 ἒίας
831 4032 897 4040 -
949 4000 1265 4057 κοππατίας
1319 4020 1383 4053 ox
1436 4003 1581 4052 Mon.
1617 4003 1711 4061 34,
1755 4003 1830 4049 10.
2079 3998 2454 4064 ταραξίας“--
2508 3999 2733 4053 Παπίας
2780 4003 2975 4052 Choer.
3016 4005 3106 4064 31,
3156 4006 3235 4062 11,

668 4072 858 4125 Ὠπίας
895 4090 962 4123 ex
1000 4074 1189 4125 eodem
1227 4077 1283 4121 et
1321 4074 1399 4121 St.
1429 4072 1490 4119 B.
1518 4071 1632 4130 708,
1661 4072 1740 4131 15,
1780 4085 1847 4118 ex
1885 4084 1989 4132 quo
2028 4069 2190 4117 etiam
2217 4067 2494 4133 Προυςίας
2530 4074 2645 4132 536,
2683 4075 2732 4130 5,
2769 4069 3021 4134 Πρακίας
3045 4074 3160 4131 534,
3186 4074 3237 4133 7,

665 4140 884 4205 Ἀγρίας
919 4144 1003 4204 21,
1043 4145 1122 4202 13,
1164 4136 1380 4204 Ἀδρίας
1416 4142 1499 4199 28,
1546 4141 1618 4199 14,
1660 4134 1934 4187 Καλατίας
1973 4139 2086 4187 347.
2126 4139 2211 4186 24.
2344 4137 2377 4189 1.
2416 4142 2478 4188 12
2518 4135 2695 4190 Ἀςίας
2731 4156 2794 4187 ex
2834 4142 2914 4190 St.
2954 4140 3016 4188 B.
3057 4142 3168 4199 131,
3205 4142 3236 4187 7

665 4210 789 4259 coll.
827 4211 1080 4263 Eustath‚
1120 4208 1189 4259 ad
1228 4207 1458 4270 Dionys,
1496 4208 1596 4255 620
1643 4213 1701 4254 et
1739 4205 1923 4256 Schol.
1962 4209 2003 4254 A
2043 4204 2113 4254 ad
2152 4206 2213 4254 11.
2251 4204 2290 4255 Β
2327 4208 2453 4271 461,
2504 4207 2624 4255 nbi:
2671 4206 2857 4258 οὕτως
2897 4205 3236 4270 Ἡρωδιανὸς

663 4276 726 4328 ἑν
761 4281 832 4344 τῇ
870 4277 1131 4329 καθόλου.
1273 4276 1309 4325 l.
1352 4277 1413 4325 16
1451 4272 1659 4324 Ἱππίας
1696 4301 1724 4308 -
1747 4302 1760 4307 -
1797 4273 1983 4325 τοξίας
2034 4289 2100 4321 ex
2146 4273 2390 4339 Theogn.
2429 4277 2513 4335 42,
2551 4277 2631 4323 21.
2705 4274 2899 4338 Ἀφίας
2937 4291 3003 4326 ex
3042 4276 3238 4326 Choer.

661 4349 752 4407 32,
792 4350 823 4398 5
861 4352 917 4396 et
956 4350 1076 4404 119,
1113 4346 1202 4406 25,
1249 4340 1561 4394 Πευκετίας
1599 4341 1789 4395 Choer.
1839 4347 1896 4391 et
1944 4343 2023 4392 St.
2061 4344 2121 4395 B.
2161 4344 2284 4402 519,
2322 4345 2414 4405 21,
2463 4341 2662 4394 Πικίας
2707 4342 2902 4393 Choer.
2951 4349 3007 4393 et
3055 4346 3134 4393 St.
3176 4345 3235 4393 B.

662 4417 776 4473 523,
817 4417 897 4464 11.
967 4412 1184 4477 Παρίας
1222 4411 1416 4461 Choer.
1453 4414 1535 4471 32,
1574 4414 1604 4460 9
1642 4416 1698 4460 et
1735 4410 1863 4475 περὶ
1901 4410 2214 4475 ποςότητος
2254 4412 2341 4459 Cr.
2372 4412 2425 4460 11
2461 4413 2561 4461 288
2598 4411 2720 4461 coll.
2747 4412 2994 4475 Theogn.
3030 4414 3111 4466 42.
3151 4414 3235 4464 22.

797 4482 831 4532 l.
868 4485 930 4532 21
974 4481 1180 4547 Βορέας
1217 4478 1412 4543 Ἡρέας
1448 4480 1590 4529 Mon.
1629 4482 1710 4537 31,
1750 4482 1828 4527 11.
1967 4480 2002 4529 l.
2043 4482 2107 4528 22
2145 4476 2391 4541 Θραςέας
2417 4507 2481 4512 -
2509 4478 2769 4544 Ἀνδρέας
2806 4496 2871 4528 ex
2910 4483 3055 4545 Mon.
3096 4479 3133 4531 l.
3169 4497 3234 4533 c..

661 4548 906 4613 Θαλέας,
954 4550 1100 4615 quod
1148 4549 1305 4615 posui
1351 4564 1446 4614 pro
1492 4545 1702 4598 Βανέας
1747 4575 1812 4581 ——-
1860 4546 2117 4599 Μναςέας
2162 4547 2407 4611 Theogn.
2444 4550 2536 4605 42,
2585 4551 2668 4598 25.
2751 4545 2964 4610 Αὐγέας
3011 4545 3236 4598 Πυθέας

655 4620 860 4669 Herod.
897 4620 998 4669 An.
1040 4620 1140 4667 Ox.
1176 4618 1252 4667 IV
1288 4619 1412 4670 335.
1458 4620 1542 4676 13,
1582 4613 1785 4666 Φιλέας
1823 4615 1902 4667 St.
1944 4618 2002 4667 B.
2041 4618 2165 4675 665,
2206 4617 2293 4667 19ι
2343 4612 2560 4665 Αἰνείας
2598 4644 2663 4651 ——
2701 4614 2957 4679 Ἠρμείας
2993 4617 3238 4679 Theogn.

651 4690 746 4750 42,
786 4691 852 4738 22
900 4686 1021 4737 coll.
1063 4686 1256 4735 Choer.
1292 4685 1446 4735 Orth.
1488 4687 1606 4745 176,
1644 4688 1693 4733 4.
1805 4734 1817 4747 ,
1855 4684 1887 4733 1.
1925 4687 1992 4734 25
2026 4681 2317 4748 Τηλεβόας
2351 4683 2430 4735 Ιο.
2468 4684 2550 4732 Al.
2585 4688 2646 4746 9,
2685 4689 2743 4746 4,
2782 4688 2861 4734 St.
2902 4687 2959 4733 B.
2995 4686 3112 4738 620,
3155 4687 3235 4743 14,

657 4754 860 4807 Γενόας
898 4756 978 4805 St.
1016 4756 1076 4805 B.
1113 4756 1238 4815 202,
1277 4755 1369 4815 21,
1424 4751 1658 4804 Ματόας
1704 4751 1782 4803 St.
1823 4753 1868 4801 B
1932 4754 2056 4814 218,
2099 4755 2125 4801 1
2175 4751 2297 4800 0011.
2343 4752 2498 4801 Eust.
2547 4752 2618 4801 ad
2663 4754 2890 4815 Dionys,
2926 4755 3053 4813 494,
3101 4752 3134 4800 1.
3171 4756 3235 4801 29

652 4821 998 4888 πατραλοίας
1033 4822 1236 4872 Herod.
1271 4820 1372 4871 An.
1408 4824 1507 4872 Ox.
1547 4821 1578 4874 1.
1607 4837 1653 4869 (ι.
1689 4820 1721 4869 1.
1747 4818 2144 4884 29.·Μαρςύας
2170 4848 2223 4854 -
2263 4817 2518 4880 Φλεγύας
2556 4836 2606 4884 p.
2632 4824 2696 4871 53
2724 4820 2755 4872 Ι.
2780 4824 2828 4869 2.
2867 4821 3113 4885 Theogn.
3151 4821 3235 4880 42,

647 4894 732 4956 28,
773 4892 919 4958 apud
958 4907 1115 4957 quem
1155 4906 1251 4957 pro
1288 4888 1488 4941 Λινύας
1535 4894 1792 4938 monente
1830 4888 2116 4939 Lobeckio
2153 4888 2348 4952 scripsi
2385 4886 2629 4953 Μινύας,
2681 4889 2824 4954 quod
2862 4889 3031 4938 habet
3069 4888 3237 4938 etiam
