3664 5546
577 286 705 351 396
1114 324 1135 339 2
1184 300 1195 309 ²
1514 286 1596 340 ΕΚ
1634 286 1774 339 ΤΩΝ
1817 285 2226 339 ΗΡΩΔΙΑΝΟΥ

575 457 818 524 Λυκίας.
884 459 948 522 Π
961 457 1095 535 ράξ
1143 457 1480 535 Ἀχιλλέως
1525 455 1885 538 ἀπόγονος,
1931 456 2004 520 ὃς
2049 456 2113 522 ἐξ
2143 456 2445 533 Ἠπείρου
2490 459 2604 535 μὲν
2635 456 2914 539 ὥρμηςε,
2960 458 3164 540 ᾤκηςε

577 561 648 624 δὲ
692 561 763 624 ἐν
817 567 894 643 τῇ
938 559 1297 642 Λακωνικῇ,
1353 557 1469 638 ἀφ’
1523 558 1602 623 οὗ
1644 560 1900 636 Πρᾶκες
1953 558 2158 623 ἔθνος.
2247 557 2548 623 ὡςαύτως
2603 560 2675 622 δὲ
2729 558 2832 621 καὶ
2883 559 2963 622 τὰ
3006 559 3163 638 μετὰ

577 662 925 741 ςυμφώνου
971 657 1262 727 ὀξύνεται
1307 661 1599 740 ςτράγξ
1636 662 1738 724 καὶ
1781 660 1977 737 ςάρξ.

744 763 838 826 Τὰ
869 762 958 827 εἰς
985 748 1019 829 ξ
1053 763 1499 842 μονοςύλλαβα
1527 763 1762 841 ἔχοντα
1803 761 1878 827 ἕν
1906 782 1964 825 τι
1993 767 2125 830 τῶν
2156 762 2341 841 φύςει
2373 761 2695 843 βραχέων,
2742 762 2973 827 ςπάνια
3002 762 3163 829 ὄντα

514 864 681 928 5καὶ
721 864 997 942 ἱςτορίας
1043 863 1346 946 ἐχόμενα,
1404 863 1727 947 ὀξύνεται,
1782 863 1920 930 Λέξ
1975 863 2052 929 τό
2107 862 2328 944 ἔθνος,
2385 864 2589 944 κρέξ,
2643 864 2869 946 πρόξ,
2927 865 3159 948 φλόξ,

576 966 789 1047 κρόξ,
836 966 1050 1047 δόρξ,
1096 966 1307 1047 ζόρξ,
1352 965 1501 1032 ἅλ’ξ.

744 1067 840 1130 Τὰ
883 1066 972 1131 εἰς
1012 1054 1043 1133 Ξ
1102 1068 1386 1144 λήγοντα
1440 1066 1890 1147 μονοςύλλαβα
1943 1066 2180 1144 ἔχοντα
2235 1066 2306 1131 ἓν
2361 1089 2420 1131 τι
2473 1074 2606 1132 τῶν
2662 1067 2846 1148 φύςει
2903 1073 3161 1147 μακρῶν

576 1167 900 1251 ὀξύνεται,
947 1170 1167 1248 ςφήξ·
1225 1168 1525 1248 (φῆκες
1581 1170 1653 1232 δὲ
1698 1168 2051 1232 ἐκαλοῦντο
2097 1169 2199 1231 καὶ
2250 1168 2312 1232 οἱ
2363 1170 2482 1246 τὴν
2530 1170 2787 1247 Κύπρον
2833 1171 3161 1235 ἐνοικοῦν-

574 1290 693 1334 τες.
764 1271 930 1351 κήξ,
978 1272 1142 1352 βήξ,
1188 1273 1353 1352 δήξ,
1398 1270 1633 1350 πτώξ,
1678 1268 1923 1349 πρώξ,
1970 1267 2150 1352 ῥώξ,
2197 1270 2236 1333 ὃ
2281 1270 2386 1333 διὰ
2414 1270 2936 1353 τοῦῨκλίνεται,
2979 1270 3159 1337 ὤλξ·

475 1381 541 1433 10
573 1372 650 1435 τὸ
696 1372 768 1434 δὲ
814 1375 959 1450 βῶξ
1005 1372 1207 1450 μόνον
1253 1371 1323 1435 ἐκ
1366 1373 1629 1436 πάντων
1672 1374 2076 1453 περιςπᾶται,
2132 1371 2272 1434 ἐπεὶ
2312 1371 2549 1436 τούτου
2594 1371 3036 1450 ἐντελέςτερον
3081 1373 3159 1436 τὸ

577 1472 758 1554 βόαξ,
805 1473 896 1537 ὡς
939 1472 1393 1553 Ἀριςτοφάνης

1383 1573 1525 1637 ἀλλ’
1571 1574 1806 1652 ἔχουςα
1848 1575 2119 1652 γαςτέρα

1179 1676 1404 1755 μεςτὴν
1451 1674 1705 1756 βοάκων

576 1778 680 1841 καὶ
719 1776 1116 1857 Φερεκράτης
1159 1776 1360 1843 εἰπὼν
1668 1825 1681 1833 ,

478 1888 540 1940 15
736 1904 741 1909 ·
1183 1879 1241 1943 τί
1287 1882 1528 1958 ληρεῑς;
1572 1878 1740 1942 ἀλλὰ
1783 1880 2014 1959 φωνὴν
2061 1879 2180 1943 οὐκ
2222 1880 2394 1958 ἔχειν

1084 2015 1106 2038 x
1186 1980 1363 2059 ἰχθῦν
1406 1982 1482 2056 γέ
1526 2002 1679 2061 (ραςι
1722 1982 1798 2046 τὸ
1844 1981 2150 2059 παράπαν

576 2081 865 2162 ἐπιφέρει

1450 2252 1460 2261 ,
1787 2185 1868 2263 νὴ
1913 2186 2005 2249 τὼ
2050 2185 2178 2257 θεώ

1184 2286 1341 2350 κούκ
1385 2286 1553 2351 ἔςτιν
1600 2286 1774 2365 ἰχθῦς
1817 2284 2017 2350 ἄλλος
2060 2288 2100 2364 ἢ
2148 2286 2318 2366 βόαξ.

473 2397 541 2450 20
577 2387 1005 2466 Ἀριςτοτέλης
1049 2389 1122 2451 δὲ
1166 2387 1264 2451 ὅτι
1308 2388 1507 2467 μόνος
1548 2394 1680 2456 τῶν
1728 2388 1965 2466 ἰχθύων
1997 2391 2227 2468 φωνὴν
2257 2390 2548 2466 προΐεται
2591 2390 2695 2453 καὶ
2737 2388 2948 2454 οὕτως
2991 2389 3159 2454 ὠνό-

574 2510 812 2569 μαςται.

743 2591 839 2655 Τὰ
881 2590 972 2655 εἰς
1010 2578 1065 2659 ΓΞ
1116 2580 1561 2671 μονοςύλλαβα
1600 2591 1921 2673 ὀξύνεται,
1968 2592 2123 2657 ςτίξ
2166 2593 2205 2671 ἡ
2249 2591 2450 2672 τάξις,
2492 2592 2707 2673 φρίξ,
2752 2592 2948 2675 θρίξ,
2994 2594 3158 2675 ψίξ,

574 2694 783 2776 πνίξ,
828 2693 1035 2777 πλίξ,
1083 2694 1256 2771 Βρίξ
1301 2693 1490 2758 ἔθνος
1535 2694 1868 2778 Θρᾳκικόν.
1956 2692 2305 2771 Ἡρόδοτος
2358 2692 2594 2778 ἑβδόμῃ
2649 2695 2734 2776 (c.
2780 2693 2890 2773 73)
2937 2694 3040 2758 «οἱ
3085 2697 3158 2759 δὲ

576 2792 855 2879 Φρύγες,
916 2796 1007 2860 ὡς
1057 2796 1435 2881 νΜακεδόνες
1489 2797 1771 2878 λέγουςι,
1840 2795 2174 2861 καλέονται
2229 2795 2490 2873 Βρίγες»
2556 2795 2687 2860 ἀπὸ
2743 2795 2974 2873 Βρίγου
3037 2801 3158 2860 τοῦ

472 2907 539 2959 25
574 2899 1065 2975 κατοικήςαντος
1110 2897 1179 2961 έν
1214 2898 1613 2980 Μακεδονίᾳ,
1658 2897 1729 2964 ἴξ
1774 2896 2058 2975 θηρίδιόν
2100 2918 2158 2961 τι
2189 2897 2398 2961 ἐςθίον
2442 2898 2556 2961 τὰς
2586 2896 2943 2977 ἀμπέλους,
2989 2896 3156 2978 Φίξ,

575 2998 790 3079 (φίξ,
837 2998 1043 3076 ςτρίξ
1088 3000 1190 3063 καὶ
1234 3000 1496 3075 ςτρίγξ
1542 2997 1718 3063 εἶδος
1763 2998 2032 3080 ὀρνέου,
2079 2998 2240 3076 ὅπερ
2282 2998 2452 3062 τινὲς
2493 2998 2596 3060 καὶ
2625 2998 2731 3060 διὰ
2759 3002 2875 3061 τοῦ
2921 2984 2958 3061 λ
3001 2998 3154 3075 γρά-

574 3120 767 3179 φουςι
835 3102 1072 3180 ςτλίξ,
1127 3099 1305 3174 Λίγξ
1362 3102 1651 3178 ποταμὸς
1708 3100 2138 3178 Μαυριτανίας
2191 3100 2294 3163 καὶ
2345 3097 2561 3176 πόλις·
2616 3100 2781 3163 τινὲς
2839 3100 2911 3163 δὲ
2964 3099 3153 3166 Λίξον

571 3200 946 3280 γράφουςιν.
1564 3216 1576 3225 ·
1865 3189 1894 3214 ‘

743 3302 837 3365 Τὰ
892 3300 980 3366 εἰς
1022 3288 1105 3368 ἶΓξ
1153 3287 1602 3383 μονοςύλλαβα
1647 3303 1967 3386 ὀξύνεται,
2022 3323 2058 3366 τ
2073 3302 2243 3384 ρύξ,
2287 3301 2619 3388 ΦρύΞΙτὸ
2666 3302 2885 3380 κύριον
2929 3304 3034 3366 καὶ
3076 3304 3154 3366 τὸ
3231 3327 3236 3336 ·

473 3413 540 3465 30
574 3401 856 3482 ἐθνικόν,
919 3402 1113 3479 Βρύξ
1171 3404 1623 3470 Μακεδονικὸν.
1659 3404 1847 3470 ἔθνος
1890 3406 2199 3482 προςεχὲς
2241 3403 2599 3485 Ἰλλυριοῖς,
2653 3403 2876 3485 πτύξ,
2937 3402 3156 3487 (τύξ,

502 3506 515 3518 ”
574 3505 739 3584 νύξ,
797 3502 1054 3583 ςτρύξ,
1110 3505 1302 3572 πνύξ
1356 3507 1432 3570 τὸ
1477 3507 1628 3584 παρ’
1671 3506 2025 3584 Ἀθηναίοις
2070 3506 2497 3583 δικαςτήριον·
2552 3505 2679 3569 ἔςτι
2733 3505 2899 3569 πύκν
2944 3503 3157 3584 ὄνομα

575 3687 775 3753 ςτράγξ
813 3705 880 3739 ex
916 3689 1017 3739 An.
1054 3690 1154 3745 Ox.
1192 3693 1277 3742 ΙΙΙ
1312 3695 1428 3754 243,
1471 3695 1557 3755 19,
1603 3693 1661 3743 in
1699 3708 1805 3765 quo
1843 3694 2154 3756 fragmento
2200 3708 2340 3757 quae
2375 3699 2504 3743 sunt
2546 3693 2613 3743 de
2657 3691 3052 3755 monosyllabis
3087 3708 3157 3742 ex

575 3757 892 3816 Herodiano
928 3758 1217 3809 fluxerunt.
1250 3775 1258 3792 ·
1289 3759 1424 3812 κλάξ
1459 3761 1515 3809 in
1553 3760 1739 3810 Dichr.
1777 3776 1899 3810 cum
1937 3760 2168 3816 Lehrsio
2206 3760 2403 3811 delevi.
2543 3761 2580 3809 l.
2617 3762 2648 3810 ὅ
2684 3759 2950 3810 Arcadius
2985 3760 3158 3810 habet

575 3830 790 3875 tantum
827 3823 956 3888 Λέξ,
998 3825 1169 3890 φλόξ,
1210 3826 1334 3888 ὅλξ;
1376 3828 1591 3892 reliqua
1630 3834 1760 3878 sunt
1798 3845 1865 3878 ex
1901 3829 2155 3879 Eustath.
2197 3831 2343 3890 1922,
2380 3829 2431 3891 8,
2468 3828 2563 3878 ubi
2599 3827 2907 3878 Herodiani
2944 3826 3158 3878 diserta

574 3894 780 3944 mentio
816 3891 876 3942 fit
916 3890 1086 3957 (κρέξ)
1127 3899 1183 3944 et
1221 3912 1288 3944 ex
1324 3895 1570 3959 Theogn.
1609 3898 1723 3958 132,
1763 3898 1826 3946 10
1863 3901 1920 3946 et
1956 3899 2048 3959 40,
2085 3899 2150 3947 32
2188 3901 2245 3945 et
2278 3897 2379 3945 An.
2416 3896 2517 3945 Ox.
2555 3896 2592 3946 l.
2630 3911 2678 3945 c.
2816 3894 2956 3944 1.·10
2989 3895 3158 3944 Arca·

575 3961 700 4011 dius
744 3962 976 4025 praebet
1019 3976 1184 4012 unum
1228 3962 1355 4026 βῶξ.
1437 3963 1717 4013 Canonem
1763 3964 1971 4029 sumpsi
2025 3980 2093 4014 ex
2139 3963 2238 4012 An.
2285 3965 2389 4015 Ox.
2431 3963 2518 4016 ΙΙΙ
2561 3965 2686 4023 243,
2735 3965 2829 4024 21,
2877 3962 3160 4027 proprium

573 4027 729 4092 (φήξ
765 4029 972 4079 inserui
1010 4044 1077 4078 ex
1115 4030 1198 4084 St.
1234 4032 1296 4080 Β.
1336 4056 1401 4064 ——
1436 4032 1545 4080 Pro
1580 4030 1923 4092 Theooenosti
1958 4030 2106 4094 (132,
2148 4033 2211 4081 14
2246 4038 2304 4082 et
2338 4034 2431 4092 41,
2469 4029 2522 4092 3)
2568 4029 2684 4094 ρήξ,
2715 4045 2837 4079 cum
2873 4029 3159 4080 Lobeckio

573 4096 780 4147 Parall.
820 4098 914 4145 102
955 4097 1147 4162 scripsi
1183 4096 1298 4160 δήξ.
1334 4124 1400 4132 --
1436 4095 1623 4161 πτώξ,
1661 4096 1776 4162 ρώξ
1814 4098 1984 4148 habet
2019 4098 2324 4150 Herodian.
2360 4114 2446 4162 ap.
2473 4098 2730 4148 Eustath.
2770 4097 2804 4152 l.
2832 4113 2896 4160 c.‚
2934 4103 3162 4163 practer

572 4163 711 4213 haec
746 4178 789 4214 π
829 4163 906 4216 ώξ
945 4168 1002 4214 et
1038 4166 1140 4215 An.
1166 4165 1266 4214 Ox.
1304 4169 1360 4215 et
1394 4164 1640 4230 Theogn.
1679 4182 1730 4231 p.
1755 4169 1838 4217 40.
1867 4191 1930 4203 —-
1969 4166 2080 4228 βῶξ
2118 4168 2386 4230 praebent
2422 4170 2646 4229 praeter
2683 4165 2938 4216 laudatos
2975 4166 3162 4216 fontes

574 4233 741 4282 etiam
808 4247 855 4282 o.
891 4230 975 4281 Al.
1014 4234 1061 4293 7,
1099 4233 1165 4281 24
1202 4238 1259 4284 et
1293 4233 1703 4283 accuratissime
1740 4233 1947 4284 Herod.
1983 4236 2040 4282 in
2079 4235 2142 4287 Ε.
2170 4235 2242 4283 Μ.
2267 4234 2394 4297 218,
2431 4235 2524 4295 28,
2564 4249 2723 4298 quem
2758 4233 2936 4284 locum
2971 4235 3160 4297 recepi

573 4315 821 4366 consulto
865 4317 945 4365 10.
990 4315 1071 4366 Al.
1279 4316 1315 4366 l.
1350 4319 1417 4366 22
1464 4333 1729 4367 canonem
1773 4316 1842 4367 de
1887 4318 2200 4368 nominibus
2245 4319 2303 4368 in
2351 4319 2395 4372 ιξ
2444 4314 2734 4382 (Arcadius
2777 4323 2993 4367 tantum
3040 4315 3157 4367 ςτίξ

573 4382 764 4447 habet)
804 4383 980 4448 petivi
1019 4400 1085 4433 ex
1121 4384 1308 4433 Dichr.
1344 4386 1470 4440 285,
1508 4387 1539 4435 5
1576 4389 1632 4436 et
1665 4386 1916 4449 Theogn.
1953 4388 2078 4449 132,
2120 4388 2182 4436 14
2218 4390 2274 4437 et
2308 4390 2398 4449 41,
2437 4388 2497 4446 4,
2536 4386 2733 4449 quibus
2767 4384 2908 4435 locis
2942 4399 3159 4449 compa·

574 4452 712 4499 ratis
746 4451 940 4516 scripsi
977 4448 1126 4515 ςτρίξ
1161 4452 1251 4502 καὶ
1287 4449 1497 4515 ςτρίγξ,
1539 4452 1683 4517 quod
1719 4454 1776 4502 in
1813 4454 2060 4518 Theogn.
2099 4454 2136 4504 l.
2172 4471 2223 4519 p.
2263 4458 2358 4504 132
2405 4455 2462 4502 iu
2495 4450 2650 4516 τρίγξ
2698 4455 3008 4517 corruptum
3052 4457 3159 4503 est.

574 4519 809 4569 Nomina
843 4521 1069 4584 propria
1103 4520 1301 4584 partim
1337 4521 1652 4571 accuratius
1689 4519 1912 4571 definivi
1954 4537 2023 4572 ex
2060 4522 2141 4573 St.
2176 4524 2237 4572 B.
2273 4519 2448 4586 (Βρίξ)
2495 4521 2695 4585 partim
2740 4518 2923 4570 adieci
2959 4516 3158 4582 (Λίγξ).

708 4600 745 4653 l.
781 4604 846 4652 29
884 4603 1165 4654 Canonem
1211 4603 1277 4655 de
1322 4605 1633 4655 nominibus
1677 4605 1735 4655 in
1780 4593 1843 4658 υξ
1880 4608 2147 4671 praebent
2182 4605 2368 4656 Dichr.
2404 4606 2531 4666 285,
2571 4607 2660 4666 19,
2708 4604 2953 4670 Theogn.
2990 4606 3084 4665 40,
3121 4606 3158 4653 2

574 4671 631 4716 et
667 4671 782 4728 132,
825 4671 904 4731 19,
942 4686 1038 4734 pro
1075 4673 1228 4722 cuius
1264 4679 1519 4737 corrupto
1556 4670 1696 4734 ςφύξ
1731 4676 1892 4737 posui
1916 4678 2167 4726 monente
2193 4671 2471 4724 Lobeckio
2507 4671 2681 4736 πνύξ,
2720 4672 2866 4737 quod
2890 4688 2958 4722 ex
2983 4671 3062 4721 St.
3089 4673 3158 4722 B.

573 4734 792 4799 explevi
825 4737 1035 4801 pariter
1066 4742 1235 4804 atque
1273 4738 1413 4802 Βρύξ
1451 4744 1507 4790 et
1541 4738 1703 4802 Λύγξ.
