3664 5546
614 376 818 423 XXXII
1698 375 2115 422 PRAEFATIO.

614 551 757 593 esse
802 528 1244 608 existimasse,
1294 549 1495 613 quum
1541 526 1953 591 Ptolemaeus
1999 526 2385 592 Ascalonita
2427 529 2492 591 in
2538 528 2618 591 Il.
2650 527 2757 590 Pr.
2791 529 2847 592 Ζ
2887 526 3013 592 239
3057 528 3202 607 ἔτης

613 653 695 694 ex
739 632 991 721 ἑταῖρος
1047 628 1381 695 concisum
1438 650 1582 708 esse
1637 627 1956 696 crederet.
2047 629 2267 714 Atque
2323 629 2555 716 opinor
2612 628 3061 694 Herodianum
3117 627 3204 692 ad

608 732 778 795 hanc
834 731 1336 814 originationem
1391 729 1795 813 confugisse,
1853 739 1927 794 ut
1982 739 2287 794 accentus
2323 726 2774 795 'abnormitati
2829 731 2897 793 in
2951 732 3203 809 ἑταῖρος

611 833 838 897 nativa
892 830 1200 897 vocabuli
1255 830 1468 895 forma
1523 832 1769 913 ἐθαῖος,
1840 831 1945 894 cui
2009 854 2092 895 ex
2151 829 2291 915 lege
2346 830 2454 894 hic
2509 840 2814 895 accentus
2871 833 3201 912 convenit,

610 932 1062 1020 opitularetur.
1105 971 1192 981 —
1235 932 1693 998 Pleonasmum
1739 932 1969 997 literae
2013 935 2050 1011 ρ
2104 933 2174 995 in
2230 933 2503 1014 ἀρτεμής
2559 957 2643 998 ex
2697 934 2929 1015 ἀτεμής
2985 933 3202 996 inesse

609 1033 820 1100 voluit
863 1037 933 1099 in
976 1034 1057 1097 E.
1103 1034 1195 1097 Μ.
1246 1034 1383 1115 150,
1430 1035 1491 1098 9.
1849 1120 1932 1184 43

779 1222 1072 1305 Theogn.
1121 1220 1204 1285 83
1247 1223 1323 1287 τὸ
1369 1227 1693 1301 πρῶτον
1738 1222 1969 1299 γέγονε
2014 1221 2189 1300 παρὰ
2233 1223 2349 1300 τὴν
2394 1223 2522 1301 πρό
2567 1223 2894 1301 πρόθεςιν’
2942 1220 3032 1286 ὡς
3076 1221 3199 1299 γὰρ

609 1326 783 1403 παρὰ
826 1325 943 1402 τὴν
987 1324 1051 1389 ἐξ
1096 1322 1335 1398 γίνεται
1380 1324 1720 1407 ἑξώτερος,
1781 1323 1953 1387 οὕτω
2009 1324 2111 1387 καὶ
2165 1324 2340 1401 παρὰ
2395 1326 2511 1402 τὴν
2565 1324 2693 1403 πρό
2748 1323 3064 1403 πρότερος
3122 1324 3198 1386 τὸ

611 1425 1002 1503 ςυγκριτικὸν
1048 1425 1148 1489 καὶ
1192 1426 1514 1502 πρότατος
1561 1426 1991 1504 ὑπερθετικόν.
2050 1426 2152 1489 καὶ
2196 1423 2491 1509 ἀποβολῇ
2536 1429 2653 1489 τοῦ
2697 1426 2734 1488 ἶ
2776 1425 3059 1504 πρόατος
3101 1424 3199 1488 καὶ

610 1528 818 1606 κράςει
864 1530 981 1590 τοῦ
1027 1530 1113 1589 ἰῖα
1158 1526 1247 1592 εἰς
1293 1532 1345 1591 ὧ
1392 1532 1667 1606 πρῶτος.
1730 1526 1936 1591 οὕτως
1983 1525 2460 1607 Ἡρωδιανὸς
2506 1527 2585 1590 ἐν
2632 1526 3194 1606 ἑπιμεριςμοῖς.

608 1626 919 1692 Lehrsius
977 1626 1064 1691 ad
1118 1627 1367 1692 Herod.
1416 1627 1600 1692 Mon.
1649 1628 1763 1707 38,
1821 1626 1907 1689 22
1971 1626 2065 1690 sic
2130 1648 2360 1691 verum
2416 1625 2868 1691 Herodianum
2939 1626 3021 1690 de
3075 1624 3198 1689 hac

609 1751 770 1793 voce
823 1729 1152 1794 iudicasse
1207 1739 1272 1793 et
1335 1728 1616 1815 primum
1675 1737 1991 1814 quattuor
2044 1749 2393 1808 canonum,
2463 1718 2702 1817 quibus
2772 1727 3199 1814 barytonesin

609 1828 914 1895 vocabuli
959 1831 1314 1896 sustentari
1357 1829 1774 1895 Herodianus
1832 1828 2161 1914 perhibet,
2207 1828 2381 1892 hunc
2436 1827 2517 1892 de
2572 1828 2990 1914 superlativis
3048 1850 3196 1892 con-

608 1934 910 1996 stitutum
964 1954 1108 1996 esse
1152 1940 1375 2018 putat,
1421 1952 1622 2017 quare
1666 1930 1857 2017 plura
1900 1930 2116 1995 dicere
2163 1929 2579 2017 supersedeo.

778 2169 1072 2253 Theogn.
1123 2168 1270 2233 133:
1332 2169 1732 2248 ςεςημείωται
1778 2170 1884 2232 διὰ
1927 2172 2038 2246 τῆς
2083 2173 2145 2232 {T
2191 2170 2548 2251 διφθόγγου
2591 2169 2726 2247 χείρ
2771 2168 2875 2233 ἐπὶ
2915 2173 3032 2233 τοῦ
3079 2190 3196 2233 ςω-

609 2276 903 2355 ματικοῦ,
961 2271 1123 2349 ὅπερ
1177 2269 1310 2336 ἀπὸ
1366 2275 1483 2335 τοῦ
1541 2270 1669 2348 ἔχω
1725 2271 1998 2346 γέγονεν
2053 2270 2222 2349 ἑχείρ
2279 2273 2381 2335 καὶ
2437 2270 2731 2353 ἀποβολῇ
2785 2274 2902 2335 τοῦ
2957 2274 2991 2333 ἒ
3044 2271 3195 2349 χείρ.

614 2374 821 2439 οὕτως
866 2373 1350 2452 Ἡρωδιανὸς
1394 2372 1475 2436 ἐν
1521 2371 2078 2450 ἐπιμεριςμοῖς.
2134 2372 2491 2457 Antiquam
2536 2392 2679 2434 esse
2723 2369 3197 2435 derivationem

612 2475 697 2539 ab
741 2476 872 2554 ἔχω
918 2474 1325 2537 demonstrat
1370 2470 1675 2558 Apollon.
1723 2471 1806 2536 de
1851 2471 2003 2536 adv.
2047 2471 2205 2553 557,
2251 2472 2332 2536 27
2379 2474 2540 2539 ἔνιοι
2586 2474 2656 2536 δὲ
2712 2472 2812 2536 καὶ
2854 2473 2969 2551 τὴν
3014 2476 3197 2555 χεῖρα
3242 2533 3247 2539 ,

610 2578 785 2656 παρὰ
814 2576 890 2640 τὸ
922 2577 1092 2654 ἔχειν
1123 2576 1314 2657 φαςὶν
1346 2574 1794 2654 ἐςχηματίςθαι.
1856 2575 1960 2637 De
1991 2572 2332 2660 aphaeresi
2364 2571 2609 2638 vocalis
2655 2577 2688 2637 ἒ
2718 2573 2805 2636 cf.
2837 2572 3193 2637 Herodian.

612 2678 679 2741 in
723 2678 801 2740 Ε.
850 2677 941 2742 Μ.
986 2677 1148 2758 634,
1201 2676 1310 2758 123
1357 2677 1508 2757 719,
1554 2676 1618 2741 5.
1845 2762 1930 2826 45

777 2863 963 2929 Suid.
997 2887 1051 2928 s.
1083 2888 1145 2929 v.
1193 2866 1837 2941 καταπροΐξεται;
1881 2865 1921 2942 ἡ
1966 2867 2095 2943 πρό
2141 2865 2284 2930 ἀντὶ
2327 2868 2439 2943 τῆς
2479 2866 2670 2943 παρά.
2734 2867 3193 2943 προϊκνεῖςθαι·

605 2969 773 3033 τινὲς
818 2969 889 3031 δὲ
934 2967 1065 3032 ἀπὸ
1110 2971 1226 3031 τοῦ
1267 2965 1530 3046 ἵξεςθαι,
1576 2964 1614 3027 ὅ
1660 2965 1785 3030 ἐςτι
1842 2966 2092 3043 δωρεὰν
2150 2971 2384 3048 λαβεῖν.
2473 2967 2842 3046 Ἀρχίλοχος
2890 2967 3079 3045 «ἐμεῦ
3125 2967 3193 3028 δ’

605 3070 850 3134 ἐκεῖνος
881 3068 960 3131 οὐ
992 3068 1523 3145 καταπροΐξεται».
1584 3065 2067 3141 Ἡρωδιανὸς
2103 3069 2173 3131 δὲ
2210 3068 2292 3132 ἐν
2328 3067 2873 3148 ἐπιμεριςμοῑς
2907 3068 3080 3146 παρὰ
3114 3068 3189 3132 τὸ

603 3170 753 3234 ἴςςω
809 3171 963 3248 φηςὶ
1019 3169 1121 3231 καὶ
1175 3167 1547 3244 Ἀρχίλοχος
1603 3166 1960 3244 «προτείνω
2017 3172 2199 3246 χεῖρα
2254 3170 2355 3232 καὶ
2410 3173 2849 3250 προῖςςομαι».
2938 3166 3192 3231 Similia

605 3268 877 3353 praebet
920 3267 1000 3330 E.
1043 3266 1136 3330 Μ.
1183 3265 1341 3346 689,
1392 3267 1424 3327 1
1473 3264 1809 3349 (Favorin.
1856 3267 2015 3347 383,
2066 3268 2171 3354 15)
2218 3292 2272 3332 s·
2326 3273 2629 3350 προΐκτης
2684 3278 2751 3333 et
2805 3270 2960 3349 495,
3007 3271 3090 3332 32
3135 3293 3187 3333 s.

606 3371 1133 3448 καταπροῖξαςθαι
1180 3366 1264 3430 cf.
1299 3366 1506 3430 Lehrs
1555 3365 1636 3429 de
1666 3367 1872 3433 Arist.
1903 3368 2029 3433 315
2073 3369 2175 3433 ed.
2209 3370 2307 3451 II,
2354 3371 2518 3436 Lob.
2552 3370 2779 3435 Rhem.
2812 3371 2916 3435 99.
2988 3372 3186 3436 Bern-

604 3468 819 3555 hardy
873 3469 960 3533 ad
1015 3467 1200 3533 Suid.
1259 3469 1630 3553 suspicatur
1687 3469 1862 3553 apud
1914 3469 2087 3534 hunc
2143 3472 2466 3558 quaedam
2521 3472 2963 3553 intercidisse,
3021 3495 3187 3559 quae

602 3570 1002 3635 referrentur
1045 3570 1128 3635 ad
1174 3568 1678 3655 explicationem
1721 3572 1900 3634 vocis
1946 3572 2267 3637 obscurae
2296 3557 2474 3640 icem.
2533 3572 2718 3638 Haec
2762 3573 3065 3638 videntur
3108 3597 3187 3638 ea

604 3672 838 3753 fuisse,
885 3693 1052 3756 quae
1098 3671 1393 3756 Theogn.
1439 3693 1503 3757 p.
1553 3671 1672 3734 143
1716 3670 1947 3736 habet:
1996 3676 2075 3738 τὰ
2120 3677 2225 3740 διὰ
2278 3681 2395 3741 τοῦ
2451 3697 2596 3740 ιςςω
2650 3675 2782 3741 ἀπὸ
2837 3676 3188 3755 μέλλοντος

603 3776 674 3840 ἐν
722 3778 1147 3857 διπλαςιαςμῷ
1191 3777 1308 3838 τοῦ
1355 3776 1387 3836 Ε
1431 3773 1520 3838 εἰς
1565 3773 1877 3839 ἐνεςτῶτα
1932 3777 2361 3856 μετηνεγμένα
2416 3779 2521 3842 διὰ
2575 3780 2693 3841 τοῦ
2750 3781 2772 3842 i
2824 3779 3184 3857 γράφονται

603 3875 748 3941 οἷον
790 3876 873 3940 ἵω
917 3875 992 3940 τὸ
1038 3875 1358 3953 προτείνω
1400 3874 1516 3939 ἵςω
1561 3875 1599 3938 ὁ
1646 3876 1897 3953 μέλλων
1943 3879 2045 3942 καὶ
2088 3879 2159 3942 ἐν
2205 3881 2631 3962 διπλαςιιαςμῷ
2674 3883 2792 3943 τοῦ
2837 3880 2872 3943 Ε
2916 3879 3186 3945 ἑνεςτὼς

596 3978 763 4042 ῗςςω.
853 3982 1004 4042 λιτῶ
1053 3976 1201 4042 λίςω
1248 3976 1463 4058 λίςςω,
1509 3977 1671 4041 πτίω
1715 3978 1913 4043 πτίςω
1960 3981 2062 4043 καὶ
2105 3980 2365 4061 πτίςςω,
2411 3978 2508 4044 οἷς
2552 3980 2916 4045 ἀκόλουθον
2962 3982 3064 4045 καὶ
3106 3983 3182 4046 τὸ

599 4080 873 4160 φρίςςω,
917 4078 989 4140 in
1031 4077 1269 4163 quibus
1313 4077 1534 4141 verbis
1580 4075 1863 4142 fortasse
1894 4079 2163 4164 spiritus
2196 4081 2542 4144 mutandus
2575 4091 2714 4163 est,
2761 4091 2836 4144 ut
2865 4091 3184 4165 congruat

599 4202 746 4244 cum
793 4178 976 4243 Suid.
1024 4187 1089 4242 et
1134 4176 1349 4243 Schol.
1383 4178 1507 4243 Od.
1540 4178 1623 4241 ad
1656 4200 1691 4257 ρ
1723 4179 1881 4259 352,
1927 4180 2043 4244 ubi
2089 4180 2355 4244 docetur
2397 4185 2700 4261 προΐκτης
2746 4182 2805 4245 si
2836 4181 3114 4246 ducatur
3143 4205 3181 4246 a

598 4281 816 4363 προίξ,
882 4279 1060 4364 quod
1115 4279 1329 4364 ipsum
1386 4301 1427 4342 a
1478 4279 1727 4359 προῖκω
1783 4280 2177 4346 descendere
2234 4283 2504 4364 dicitur,
2562 4306 2711 4347 cum
2768 4282 2925 4364 leni,
2981 4285 3039 4348 si
3095 4284 3178 4348 ab

593 4382 856 4447 ἱκετεύω
911 4401 1057 4443 cum
1114 4401 1347 4466 aspero
1410 4381 1822 4447 scribendum
1882 4404 2046 4446 esse.
2139 4382 2423 4449 Videtur
2464 4383 2586 4449 hoc
2637 4395 3059 4471 praeceptum
3111 4385 3178 4448 in

601 4481 968 4561 Catholica,
1014 4481 1128 4544 ubi
1174 4481 1256 4545 de
1299 4482 1520 4547 verbis
1567 4484 1634 4545 in
1679 4484 1804 4547 ’ἴς-ὧ
1849 4484 2092 4567 agitur,
2138 4482 2353 4548 locum
2395 4484 2728 4551 habuisse.

766 4582 999 4647 Restat
1043 4603 1209 4645 unus
1256 4580 1469 4666 locus,
1516 4606 1708 4669 quem
1752 4607 1837 4648 ex
1881 4584 2334 4670 Epimerismis
2380 4588 2962 4674 pseudepigraphis
3011 4586 3175 4651 deri-

597 4695 822 4750 vatum
868 4684 1095 4769 opiner
1137 4695 1516 4771 propterea,
1562 4686 1734 4770 quod
1781 4707 1861 4749 ea
1904 4685 2274 4767 annotatio,
2320 4709 2485 4771 quae
2531 4689 2613 4752 de
2661 4691 2889 4771 βροτός
2933 4690 3001 4751 in
3048 4689 3170 4774 Ep.

597 4786 705 4850 Cr.
755 4785 789 4849 I
829 4786 988 4867 431,
1037 4786 1103 4849 9:
1163 4790 1336 4867 παρὰ
1381 4790 1455 4852 τὸ
1503 4787 1696 4866 μείρω
1743 4788 1974 4864 μορτός
2021 4788 2346 4866 ὑπερθέςει
2404 4792 2638 4868 μροτός
2693 4792 3011 4857 ἑπενθέςει
3057 4796 3174 4856 τοῦ
