3664 5546
1108 410 1268 464 ΠΕΡΙ
1291 409 1701 465 ΚΑΘΟΛΙΚΗ(
1736 410 2161 465 ΠΡΟΕΩιΔΙΑ(
2200 410 2279 464 ΙΘ.
2866 411 2991 476 513

405 582 564 643 «ποῖ
607 583 832 658 κῆχος,
889 578 1044 643 εὐθὺ
1091 579 1408 648 (ικελίαςκν
1467 581 1569 645 καὶ
1612 580 1787 659 παρὰ
1830 580 2212 658 Φερεκράτει
2272 583 2429 645 «ποῖ
2471 584 2735 659 κῆχος;»
2782 582 2858 646 τὸ
2902 588 2991 664 πῇ

402 687 508 762 κῇ·
564 687 654 765 πῇ
701 680 889 756 ἐγγύς
933 687 1023 765 πῇ
1069 681 1299 763 ἄγχος,
1365 681 1526 761 ὅπερ
1585 681 1750 747 έςτὶν
1805 681 1877 746 ἐν
1932 688 2024 764 τῷ
2080 681 2383 760 ἔναγχος·
2446 682 2727 760 ἐλλείψει
2781 685 2900 746 τοῦ
2954 703 2993 758 γ

402 784 612 860 κῆχος.
700 782 776 846 τὸ
837 784 907 846 δὲ
961 781 1301 861 ἔναγχος
1358 783 1942 861 προπαροξύνεται·
1981 783 2063 872 τὸ
2109 782 2316 847 εἰκός
2362 782 2758 863 ὀξυνόμενον
2804 782 2988 847 οὐδέ-

401 903 592 962 τερον
639 882 719 962 ἦν
764 884 1000 962 μετοχὴ
1047 883 1395 962 οὐδετέρου
1439 884 1672 960 γένους
1703 884 1791 949 εἰς
1838 883 2127 951 ςύνταξιν
2173 884 2665 965 ἐπιρρηματικὴν
2702 884 2989 948 έλθοῦςα.

401 985 477 1049 τὸ
520 987 684 1060 γοῦν
731 984 963 1049 ἔνδος
977 1033 1004 1067 ,,
1042 985 1216 1052 ἔξος
1264 985 1588 1064 βαρύτονα
1629 985 1876 1063 Δώρια.
3029 997 3064 1049 5

570 1084 665 1149 Τὰ
721 1085 809 1150 εἰς
851 1079 937 1148 Tse*
992 1086 1494 1164 ςυςτελλόμενον
1549 1086 1787 1165 ἔχοντα
1842 1087 1918 1151 τὸ
1974 1091 2013 1150 ῡ
2069 1086 2399 1153 ὀξύνεςθαι
2457 1089 2659 1169 θέλει,
2715 1088 2884 1165 πλὴν
2938 1086 2995 1150 εἰ

403 1187 482 1265 μὴ
536 1187 920 1267 τριςύλλαβα
975 1186 1134 1251 ὄντα
1189 1186 1321 1252 ἀπὸ
1376 1188 1740 1266 προθέςεως
1796 1186 2097 1268 ἄρχοιτο,
2153 1187 2417 1269 ἐγγύς,
2475 1188 2739 1271 εὐθύς,
2795 1188 2992 1269 ἰθύς,

402 1287 816 1369 μεςςηγύς,
871 1287 913 1350 ἃ
970 1287 1024 1351 εἰ
1079 1287 1334 1364 λέγοιτο
1390 1288 1548 1354 ἄνευ
1601 1292 1720 1354 τοῦ
1773 1291 1809 1351 Ε
1864 1288 2168 1366 ἰςόχρονα
2220 1289 2467 1365 λέγεται
2513 1289 2611 1353 ἰθύ
2657 1289 2809 1354 εὐθύ
2856 1308 2994 1368 μες-

403 1388 573 1467 ςηγύ.
640 1391 716 1455 τὸ
747 1391 820 1454 δὲ
848 1389 1218 1468 ἄντικρυς
1263 1392 1367 1456 καὶ
1408 1391 1793 1466 ςύνεγγυς
1823 1390 2123 1467 πρόθεςιν
2155 1389 2302 1469 ἔχει.
2358 1391 2435 1455 τὸ
2467 1378 2726 1469 άντικρύ
2769 1389 2992 1458 όξυνό-

403 1510 600 1571 μενον
646 1477 904 1556 ἐκτείνει
947 1491 1024 1557 τὸ
1067 1495 1124 1555 ὖ.
1211 1493 1287 1556 τὸ
1332 1490 1579 1557 ἀλλῦς
1625 1493 1867 1572 μακρὸν
1912 1492 2069 1571 ἔχον
2113 1492 2189 1556 τὸ
2237 1496 2273 1556 ῡ
2318 1494 2708 1569 περιςπᾶται.
3029 1503 3096 1553 10

571 1592 666 1657 Τὰ
718 1592 806 1657 εἰς
859 1596 995 1671 W
1049 1592 1154 1657 ἐπὶ
1207 1592 1562 1672 ποςότητος
1617 1595 2031 1672 περιςπᾶςθαι
2086 1592 2284 1673 θέλει,
2345 1596 2609 1674 διχῶς,
2677 1595 2994 1674 τριχῶς,

402 1698 827 1775 τετραχῶς,
887 1694 1209 1776 ἑξαχῶς,
1265 1693 1657 1777 ἑπταχῶς,
1713 1698 2100 1772 ποςαχῶς.
2187 1694 2263 1758 τὸ
2311 1693 2634 1775 ἐξόχως,
2689 1693 2993 1772 ἡςύχως

405 1795 769 1874 βαρύνεται·
813 1792 947 1859 ἀπὸ
992 1793 1334 1873 ὀνομάτων
1379 1795 1519 1873 γάρ.
1625 1829 1650 1840 ,

572 1895 665 1960 Τὰ
708 1893 1073 1972 καλούμενα
1116 1899 1229 1973 τῆς
1284 1897 1626 1976 μεςότητος
1669 1895 1801 1963 ἀπὸ
1857 1900 2130 1972 γενικῶν
2174 1899 2617 1975 πληθυντικῶν
2673 1896 2994 1977 γενόμενα

402 1997 505 2061 καὶ
546 1998 663 2061 τὸν
708 1995 909 2062 αὐτὸν
954 1996 1151 2062 τόνον
1183 1996 1404 2063 αὐταῖς
1447 1998 1610 2080 ἔχει,
1653 1997 1783 2063 εἴτε
1826 1998 1989 2077 παρ’
2034 1996 2319 2075 ὀνόματα
2347 1998 2606 2072 γένοιτο
2651 1996 2777 2062 εἴτε
2818 1998 2993 2076 παρὰ
3029 2010 3094 2061 15

404 2081 705 2179 μετοχὰς,
752 2096 879 2162 εἴτε
932 2099 1094 2177 παρ’
1137 2096 1571 2183 ἀντωνυμίας,
1616 2099 1888 2181 κούφων
1943 2099 2295 2179 κούφως,
2353 2097 2603 2177 βαρέων
2660 2099 2990 2180 βαρέως,

402 2202 617 2264 καλῶν
674 2200 745 2263 δὲ
803 2202 1057 2265 καλῶς
1115 2201 1611 2280 περιςπωμένως
1667 2185 2070 2282 καῖ’ςεμνῶν
2131 2202 2424 2277 ςεμνῶς
2478 2196 2772 2278 ἀςέμνων
2818 2198 2990 2264 άςέ·

402 2319 634 2382 μνως,
691 2300 795 2364 καὶ
846 2301 926 2364 τὰ
980 2301 1155 2382 παρὰ
1209 2302 1286 2366 τὸ
1342 2305 1468 2367 πᾶς
1529 2303 1602 2367 δὲ
1668 2302 1771 2367 καὶ
1826 2302 2021 2382 μέγας
2075 2300 2340 2365 πάντων
2397 2300 2693 2380 μεγάλων
2754 2299 2993 2379 ὁμοίως

325 2399 332 2406 ’
401 2401 746 2483 πάντως,
791 2402 1150 2480 μεγάλως
1196 2403 1286 2468 ὡς
1331 2405 1434 2468 καὶ
1477 2402 1721 2482 ἐξόχων
1766 2402 2057 2481 ἐξόχως
2101 2402 2203 2494 καὶ
2245 2401 2499 2481 ἡςύχων
2545 2402 2855 2481 ἡςύχως.
2914 2401 2992 2465 τὸ

2778 2603 2813 2611 ⁶-

401 2690 701 2742 Herodian.
738 2689 868 2754 περὶ
905 2692 1107 2743 παθῶν
1142 2693 1199 2741 in
1234 2693 1300 2741 E.
1337 2692 1410 2740 Μ.
1449 2695 1572 2754 682,
1612 2694 1694 2743 52.
1766 2690 2023 2756 Apollon.
2069 2690 2135 2739 de
2173 2690 2297 2745 adv.
2335 2691 2460 2756 596,
2498 2694 2531 2742 5
2568 2706 2720 2756 seqq.
2757 2687 2991 2753 ἐναγχός

402 2758 754 2809 scribendum
792 2758 954 2824 dicit,
1002 2775 1164 2825 quum
1200 2761 1270 2811 ab
1316 2756 1487 2823 ἀγχός
1532 2757 1895 2825 metaplasmo
1941 2757 2193 2810 adverbii
2236 2755 2412 2821 ἀγχοῦ
2460 2759 2668 2810 existat
2712 2758 2992 2824 praeposi-

401 2828 551 2877 tione
597 2841 696 2891 per
739 2827 1137 2877 abundantiam
1181 2832 1244 2877 ut
1295 2830 1352 2878 in
1400 2825 1657 2879 ἐναντίος
1710 2827 1930 2888 addita,
1986 2842 2094 2891 qua
2150 2842 2207 2877 re
2262 2831 2523 2877 accentus
2575 2843 2685 2878 non
2738 2832 2993 2877 mutetur.

401 2893 655 2944 Eundem
691 2899 974 2944 accentum
1009 2896 1204 2945 tribuit
1239 2895 1493 2960 Apollon.
1533 2895 1795 2946 adverbio
1832 2893 2040 2959 κηγχός
2087 2893 2253 2945 nullis
2297 2895 2407 2944 nisi
2449 2894 2796 2959 anaphoricis
2833 2894 2992 2959 bary-

404 2962 624 3011 tonesin
662 2962 991 3014 concedens.
1140 2962 1174 3012 l.
1211 2966 1243 3012 3
1288 2961 1357 3012 τὸ
1396 2959 1544 3013 εἰκός
1580 2977 1754 3027 usque
1791 2963 1861 3012 ad
1898 2961 2057 3011 finem
2096 2978 2164 3011 ex
2199 2960 2445 3026 Theogn.
2485 2966 2854 3015 accesserunt.
2970 2961 2979 2968 “

402 3028 438 3078 1.
461 3031 494 3078 8
530 3026 565 3078 ἃ
602 3026 651 3079 εἰ
685 3055 752 3065 -
788 3027 1026 3093 μεςςηγύ
1064 3032 1297 3095 apposui
1333 3046 1402 3079 ex
1429 3026 1619 3079 Diehr.
1644 3032 1770 3080 301:
1807 3028 1882 3081 τὰ
1919 3025 1997 3079 εἰς
2031 3031 2098 3081 isc
2136 3026 2488 3093 ἐπιρρήματα
2526 3026 2573 3079 εἰ
2597 3027 2820 3090 λέγοιτο
2854 3026 2991 3078 ἄνευ

402 3098 506 3147 τοῦ
541 3098 578 3147 ἴ
614 3094 871 3160 ἰςόχρονα
907 3095 1157 3161 λέγεται,
1197 3096 1466 3163 μεςςηγύς
1504 3095 1757 3161 μεςςηγύ.
1827 3095 2089 3161 ἄντικρυς
2127 3095 2446 3160 μεταβαλὸν
2482 3095 2587 3147 τὸν
2621 3094 2796 3151 τόνον
2834 3094 2992 3159 μετέ-

404 3164 536 3226 βαλε
573 3163 664 3215 καὶ
699 3163 805 3214 τὸν
839 3164 1063 3228 χρόνον.
1096 3192 1162 3200 -
1199 3166 1234 3214 Ι.
1273 3168 1304 3215 9
1339 3164 1409 3216 τὸ
1446 3162 1674 3228 ἀντικρύ
1719 3191 1778 3199 -
1812 3164 1883 3215 τὸ
1920 3166 1955 3215 fi
1990 3180 2056 3214 ex
2089 3164 2337 3231 Theogn.
2376 3164 2622 3229 apposui.
2698 3165 2772 3217 cf.
2808 3164 2875 3213 11.
2899 3165 2990 3214 Pr.

400 3229 436 3282 Ε
479 3233 601 3282 100:
641 3229 900 3295 ἀντικρὺς
941 3230 1197 3283 ὀξύνεται
1242 3232 1334 3282 καὶ
1372 3229 1700 3283 ἐκτείνεται·
1748 3230 1890 3283 ὅταν
1934 3230 1995 3282 δὲ
2042 3230 2141 3297 ἔχῃ
2179 3231 2249 3282 τὸ
2285 3233 2343 3295 ξ,
2382 3229 2736 3282 ςυςτέλλεται
2772 3230 2863 3283 καὶ
2901 3231 2991 3293 βα-

403 3297 652 3363 ρύνεται·
690 3297 760 3349 τὸ
797 3298 858 3349 δὲ
895 3296 1078 3350 αἴτιον
1114 3297 1177 3350 ἐν
1212 3302 1297 3365 τῷ
1336 3300 1464 3365 περὶ
1501 3297 1880 3364 ἐπιρρήματος
1905 3297 2158 3363 ἐροῦμεν.
2231 3315 2281 3349 v.
2309 3301 2433 3350 130:
2472 3296 2667 3350 ἐνθάδε
2693 3298 2991 3361 βούλονται

402 3369 507 3417 τοθ
545 3364 776 3429 ἀντικρύ
812 3366 921 3429 τὴν
954 3365 1288 3418 τελευταίαν
1326 3366 1641 3419 ςυςτέλλειν
1675 3365 1764 3417 διὰ
1798 3367 1869 3417 τὸ
1908 3366 2124 3431 μέτρον.
2183 3368 2249 3416 In
2285 3367 2349 3420 E.
2377 3367 2449 3420 M.
2479 3369 2602 3428 114,
2640 3371 2725 3431 33,
2762 3369 2866 3417 An.
2893 3367 2992 3417 Ox.

401 3434 458 3484 11
494 3436 621 3497 339,
658 3438 724 3483 ‘26
758 3459 823 3467 —
869 3432 941 3484 τὰ
978 3432 1054 3485 εἰς
1091 3437 1125 3485 ῦ
1161 3433 1412 3500 λήγοντα
1458 3434 1548 3486 ἐπι
1585 3432 1808 3499 ρήματα
1852 3434 2199 3486 ςυςτέλλουςι
2242 3433 2313 3485 τὸ
2340 3436 2420 3500 «ῦ,
2470 3433 2703 3498 μεταξύ,
2752 3431 2991 3498 μεςςηγύ

402 3501 574 3564 χωρὶς
610 3504 714 3551 τοῦ
755 3499 1002 3565 ἀντικρύ.
1074 3500 1321 3565 ὤφειλεν
1358 3501 1504 3553 εἶναι
1578 3516 1786 3566 ντικρυ.
1857 3500 2002 3552 ἀλλὰ
2045 3501 2117 3553 τὰ
2154 3499 2231 3552 εἰς
2267 3503 2301 3553 ἓ
2336 3499 2587 3566 λήγοντα
2623 3500 2989 3566 ἐπιρρήματα,

403 3566 453 3619 εί
491 3568 591 3629 μέν
627 3567 902 3636 φυλάττει
936 3569 1006 3620 τὸ
1044 3567 1188 3621 αὐτὸ
1225 3569 1661 3634 ςημαινόμενον,
1708 3570 1800 3620 καὶ
1843 3567 1949 3620 τὸν
1994 3568 2174 3621 αὐτὸν
2210 3568 2383 3620 τόνον
2420 3568 2693 3632 φυλάττει
2738 3566 2863 3619 οἷον
2899 3566 2991 3618 οὕ-

402 3649 521 3686 τως
558 3634 741 3699 οῧτω,
780 3634 964 3701 μέχρις
1003 3635 1180 3701 μέχρι·
1232 3636 1356 3689 ἐπεὶ
1392 3637 1496 3689 οὖν
1531 3639 1707 3688 τοῦτο
1743 3635 1848 3687 οὐκ
1885 3635 2129 3701 ἐφύλαξε
2174 3636 2244 3687 τὸ
2280 3635 2423 3688 αὐτὸ
2460 3634 2869 3702 ςημαινόμενον
2903 3638 2989 3700 τῷ

402 3702 695 3765 ἄντικρυς,
752 3703 885 3754 οὔτε
928 3703 1036 3755 τὸν
1085 3703 1259 3756 τόνον
1306 3704 1534 3757 ἐδέξατο
1582 3733 1645 3741 -
1691 3720 1886 3767 causa,
1934 3721 2029 3755 eur
2072 3704 2331 3769 ἄντικρυς
2379 3711 2433 3755 et
2479 3703 2710 3770 ἀντικρύ
2757 3708 2992 3754 accentu

406 3770 698 3831 differant,
760 3772 817 3820 in
869 3771 1089 3822 diversa
1143 3772 1547 3838 significatione
1604 3774 1786 3838 posita
1841 3788 1963 3823 esse
2018 3773 2367 3823 existimatur
2417 3774 2632 3838 pariter
2684 3777 2847 3836 atque
2901 3786 2989 3836 ap.

403 3840 648 3888 Ammon.
686 3836 753 3887 de
792 3837 905 3888 diff.
945 3842 1025 3901 17,
1063 3843 1116 3895 3;
1159 3840 1256 3890 sed
1290 3840 1433 3891 haec
1467 3840 1610 3891 ratio
1648 3841 1718 3891 ab
1753 3840 2074 3891 Herodiano
2122 3840 2305 3891 aliena
2341 3846 2452 3902 est,
2500 3842 2701 3906 quippe
2741 3841 2835 3904 qui
2873 3853 2992 3904 pro-

403 3912 532 3971 pter
567 3906 899 3969 quantitatis
932 3908 1293 3958 mutationem
1327 3910 1498 3959 etiam
1533 3912 1825 3959 accentum
1861 3913 2127 3971 mutatum
2165 3924 2286 3959 esse
2323 3908 2669 3958 iudicaverit.
2693 3930 2760 3943 -
2782 3906 2848 3956 In
2884 3904 2990 3955 fine

401 3972 473 4023 τὸ
508 3970 569 4023 δὲ
605 3969 777 4023 ἀλλῦς
823 3974 893 4023 ab
940 3976 1086 4026 omni
1131 3981 1288 4040 parte
1335 3976 1558 4026 dubium
1607 3977 1698 4038 (os.
1733 3975 1948 4026 Ahrens
1994 3975 2059 4026 de
2111 3974 2241 4025 dial.
2287 3977 2417 4025 Dor.
2468 3975 2590 4037 368)
2639 3990 2708 4023 ex
2751 3973 2993 4036 Theogn.

402 4040 656 4105 apposui.
694 4067 757 4077 —
795 4040 829 4095 l.
872 4044 934 4091 12
972 4041 1183 4105 ἑξαχῶς
1219 4069 1286 4078 -
1322 4044 1583 4106 ποςαχῶς
1620 4048 1979 4094 accesserunt
2013 4058 2080 4092 ex
2118 4043 2364 4107 Theogn.
2403 4044 2518 4099 164,
2554 4044 2646 4101 22,
2695 4042 2760 4091 de
2799 4040 2884 4090 his
2919 4040 2991 4088 of.

399 4106 583 4172 Apoll.
620 4108 686 4157 de
725 4108 849 4159 adv.
886 4111 1016 4171 585,”
1042 4112 1134 4171 27,
1173 4110 1241 4159 de
1277 4109 1500 4174 ἡςύχως
1537 4110 1716 4175 Apoll.
1752 4111 1880 4171 687,
1919 4112 1981 4161 10
2026 4111 2159 4174 quin
2204 4107 2548 4172 ςυνεκδρομῇ
2593 4108 2717 4157 τῶν
2763 4104 2842 4158 εἰς
2876 4106 2992 4173 ῐὺΤς·

400 4173 706 4240 ληγόντων
740 4174 1141 4241 ἐπιρρημάτων
1179 4178 1640 4228 circumflectatur
1675 4178 1888 4241 pariter
1921 4184 2090 4240 atque
2127 4174 2303 4241 ἡςυχῇ
2340 4175 2412 4224 ad
2449 4173 2764 4239 analogiam
2801 4175 2993 4227 adver-

401 4243 612 4293 biorum
637 4242 758 4309 διχῇ
789 4249 844 4293 et
869 4247 1029 4308 τριχῇ
1059 4244 1523 4303 accommodetur,
1550 4245 1692 4294 nihil
1717 4245 1938 4294 obstare
1966 4244 2292 4307 pronunciat
2315 4247 2481 4306 atque
2509 4241 2578 4291 de
2604 4242 2779 4307 ήςυχῇ
2805 4258 2993 4295 assen-

400 4311 632 4360 tientem
665 4311 834 4361 habet
856 4310 1254 4372 Herodianum
1290 4312 1526 4363 fortasse
1558 4313 1726 4361 etiam
1747 4312 1814 4360 de
1847 4308 2085 4372 ήςυχῶς,
2118 4325 2280 4374 quum
2313 4310 2382 4359 ab
2409 4310 2832 4375 epitomatorum
2864 4327 2993 4361 eon-

399 4378 698 4430 suetudine
719 4392 827 4426 non
847 4377 1143 4427 abhorreat
1167 4378 1397 4428 alteram
1425 4380 1493 4430 ab
1513 4377 1837 4427 Herodiano
1862 4378 2267 4442 propositarum
2293 4377 2693 4427 sententiarum
2719 4379 2991 4429 omittere.

538 4446 573 4495 l.
613 4445 677 4494 18
713 4458 810 4508 pro
847 4444 926 4493 10.
961 4443 1118 4496 Alex.
1155 4444 1339 4495 verbis
1375 4446 1465 4496 καὶ
1501 4445 1572 4495 τὰ
1609 4442 1761 4509 παρὰ
1794 4442 1865 4494 τὸ
1902 4441 2039 4495 ἄναξ
2086 4442 2147 4493 δὲ
2181 4441 2448 4495 ἀνάκτων
2484 4440 2694 4506 ὁμοίως
2732 4443 2991 4497 ἀνάκτως

401 4513 601 4579 scripsi
635 4510 708 4561 τὰ
742 4508 897 4574 παρὰ
941 4508 1012 4562 τὸ
1049 4513 1160 4561 πᾶς
1207 4508 1269 4561 δὲ
1314 4513 1404 4562 καὶ
1451 4512 1617 4575 μέγας
1663 4511 1781 4562 κτλ.
1832 4510 2083 4561 consulto
2117 4510 2408 4576 Apollonio
2454 4528 2503 4576 p.
2543 4514 2668 4575 581,
2717 4515 2809 4578 qui
2854 4514 2991 4564 haec

401 4579 656 4645 exempla
691 4578 923 4644 profert.
993 4579 1135 4629 Nam
1172 4579 1441 4629 articulus
1478 4579 1707 4644 pluralis
1740 4576 1814 4629 τὰ
1852 4577 2065 4628 indicat
2100 4578 2189 4628 hie
2224 4578 2379 4644 plura
2416 4579 2667 4644 exempla
2702 4581 2993 4646 proposita

401 4662 527 4698 esse
566 4651 624 4697 et
660 4646 943 4711 probabile
982 4652 1070 4696 est
1105 4645 1482 4696 Herodianum
1516 4647 1680 4697 etiam
1717 4645 1969 4710 exempla
2005 4646 2276 4697 eiusmodi
2298 4646 2680 4698 adverbiorum
2716 4647 2992 4712 attulisse,
3071 4670 3083 4685 ·

305 4768 310 4772 ,
400 4729 629 4779 quorum
665 4714 945 4765 adieetiva
987 4715 1045 4764 in
1095 4714 1354 4779 genetivo
1401 4713 1603 4780 plurali
1648 4714 1962 4765 abnormem
2008 4718 2294 4765 accentum
2338 4714 2609 4765 haberent
2653 4715 2727 4765 ad
2774 4716 2992 4769 demon-

400 4782 686 4833 strandum
722 4782 867 4831 hune
901 4786 1188 4833 accentum
1226 4783 1394 4831 etiam
1427 4783 1485 4832 in
1523 4780 1803 4832 adverbiis
1837 4782 2083 4831 retineri.
2120 4779 2413 4833 Caeterum
2446 4779 2708 4835 ἀνάκτως
2742 4784 2993 4850 ignotum

400 4854 518 4911 est,
557 4847 783 4899 ἀνακῶς
820 4850 1106 4915 reperitur.
1142 4876 1206 4885 —
1244 4848 1279 4898 l.
1311 4851 1371 4900 19
1407 4865 1505 4916 pro
1539 4848 1610 4900 τὸ
1646 4848 1707 4901 δὲ
1743 4846 2076 4913 αὐταρκῶς,
2114 4846 2345 4901 εὐωδῶς
2385 4852 2625 4918 περιςπᾷ
2651 4850 2993 4917 Ἡρωδιανὸς

473 4964 852 5003 εκποωυινε.
889 4950 933 5000 Ι.
1234 4972 1242 4979 ·
2498 4927 2582 4993 33
