3664 5546
635 381 876 428 CCXXII
1713 378 2129 427 PRAEFATIO.

635 539 750 600 τοῦ
796 534 1108 613 Ἀδμήτου
1151 539 1267 599 τοῦ
1312 535 1568 613 πατρός.
1658 533 1753 597 St.
1800 532 1878 596 B.
1925 534 2123 613 Φεραί
2177 533 2362 598 πόλις
2407 534 2747 599 Θεςςαλίας
2787 570 2874 581 -
2917 534 3048 601 ἀπὸ
3094 536 3213 601 Φέ-

636 657 827 715 ρητος
869 639 986 700 τοῦ
1037 636 1330 716 Κρηθέως
1373 638 1411 714 ἢ
1457 637 1666 714 Φερᾶς
1710 639 1821 713 τῆς
1865 635 2101 700 Αἰόλου
2146 637 2475 716 θυγατρός.

804 752 1020 819 Schol.
1066 753 1101 817 I
1144 753 1224 817 57
1275 756 1598 837 Γυρτῶνα,
1656 755 1734 832 ἣν
1788 755 2070 834 Ὅμηρός
2124 776 2275 835 φηςι
2323 756 2656 835 Γυρτώνην
2714 756 3088 836 «Γυρτώνην
3145 778 3213 821 τε

516 917 524 924 .
632 859 973 936 νέμοντο».
1062 858 1186 922 ἔςτι
1236 858 1307 921 δὲ
1360 857 1546 921 πόλις
1591 856 1930 921 Θεςςαλίας
1985 858 2023 935 ἢ
2069 857 2482 939 Περραιβίας,
2543 858 2632 923 ὡς
2678 858 2960 924 (ουίδας.
3050 858 3213 924 ὠνο-

635 961 832 1038 μάςθη
889 960 960 1025 δὲ
1014 958 1145 1024 ἀπὸ
1204 958 1531 1038 Γυρτώνης
1585 962 1696 1036 τῆς
1751 958 2064 1035 Φλεγύου.
2119 995 2204 1004 -
2260 958 2355 1023 St.
2414 957 2490 1022 B.
2552 961 2592 1023 Γ
2597 961 2805 1040 υρτών
2858 961 3047 1025 πόλις
3102 965 3212 1039 τῆς

635 1062 973 1126 Θεςςαλίας
1018 1063 1120 1125 καὶ
1162 1061 1576 1143 Περραιβίας,
1622 1062 1700 1138 ἢν
1747 1060 2029 1140 Ὅμηρος
2077 1063 2409 1141 Γυρτώνην
2457 1064 2636 1125 καλεῖ
2681 1062 2771 1127 ῶς
2815 1061 3068 1141 Ἰτώνην
3113 1064 3216 1127 καὶ

633 1165 869 1228 Ἰτῶνα.
958 1162 1089 1227 ἀπὸ
1138 1163 1175 1226 Γ
1179 1169 1467 1242 υρτῶνος
1508 1166 1624 1226 τοῦ
1669 1163 1965 1236 Φλεγύου
2012 1160 2336 1245 ἀδελφοῦ,
2383 1163 2551 1227 ὅςτις
2597 1163 2798 1241 αὐτὴν
2844 1164 3098 1230 ἔκτιςεν.

804 1279 1018 1345 Schol.
1065 1281 1098 1344 I
1148 1280 1267 1344 115
1320 1282 1549 1346 Φλείας
1606 1281 1673 1346 δ’
1718 1281 1865 1346 αὖτ’
1922 1281 2049 1346 {niz
2107 1282 2294 1346 πόλις
2348 1282 2860 1362 Πελοποννήςου
2916 1285 2954 1362 ἡ
3011 1284 3212 1363 Ἀραι-

634 1385 831 1464 θυρὲα
895 1383 933 1461 ἡ
988 1387 1106 1447 νῦν
1164 1382 1605 1463 ὀνομαζομένη
1660 1384 1900 1448 Φλιοῦς
1964 1383 2094 1448 ἀπὸ
2150 1384 2506 1448 Φλιοῦντος
2558 1389 2677 1449 τοῦ
2732 1386 3058 1450 Διονύςου
3113 1386 3215 1449 καὶ

637 1485 1085 1565 Χθονοφύλης.
1172 1489 1368 1549 κεῖται
1414 1487 1485 1549 δὲ
1530 1485 1567 1563 ἡ
1612 1485 1850 1550 Φλιοῦς
1906 1485 2013 1550 ἐπὶ
2055 1486 2232 1566 ὅροις
2286 1489 2395 1563 τῆς
2441 1485 2775 1551 Εικυῶνος.
2863 1488 2966 1551 καὶ
3020 1486 3212 1551 αὐτὸς

636 1589 707 1652 δὲ
765 1587 802 1650 ὁ
858 1586 1179 1651 Διόνυςος
1235 1587 1473 1652 Φλιοῦς
1528 1587 1896 1666 ὠνομάζετο
1953 1587 2084 1652 ἀπὸ
2138 1593 2255 1653 τοῦ
2310 1591 2533 1672 φλεῑν,
2588 1589 2626 1652 ὅ
2682 1588 2846 1653 ἐςτιν
2902 1588 3209 1666 εὐθηνεῖν.

636 1691 730 1755 St.
781 1689 851 1752 B.
896 1690 1133 1753 Φλιοῦς
1177 1689 1362 1753 πόλις
1404 1689 1915 1768 Πελοποννήςου
1970 1691 2008 1769 ἡ
2053 1687 2392 1770 πρότερον
2421 1691 2803 1770 Ἀραιθυρέα
2847 1691 2950 1754 καὶ
2992 1690 3211 1769 Ἀράν-

633 1813 799 1874 τεια,
857 1791 987 1856 ἀπὸ
1043 1790 1402 1854 Φλιοῦντος
1455 1795 1572 1855 τοῦ
1625 1791 1955 1857 Διονύςου
2024 1793 2127 1856 καὶ
2186 1792 2626 1872 Χθονοφύλης.
2723 1792 3088 1857 Παυςανίας
3141 1795 3213 1857 δὲ

635 1894 766 1959 ἀπὸ
826 1893 1140 1958 Φλίαντος
1199 1892 1286 1956 ὡς
1342 1896 1645 1973 μαρτυρεῖ
1710 1897 1812 1958 καὶ
1866 1896 1942 1959 τὸ
1999 1894 2251 1959 ἐθνικὸν
2306 1894 2692 1960 Φλιούντιος
2757 1895 2796 1971 ἢ
2849 1895 3211 1959 Φλιούςιος.

635 1997 915 2075 Φιλήτας
960 1994 1031 2058 δέ
1075 2015 1268 2074 φηςιν
1315 2044 1328 2056 .
1375 2045 1386 2056 .
1435 2046 1447 2057 .
1498 2040 1512 2055 .
1559 1994 1918 2074 ὠνόμαςται
1966 1998 2037 2060 δὲ
2081 1996 2256 2075 παρὰ
2310 1996 2384 2060 τὸ
2443 1999 2634 2076 φλεῑν
2692 1995 2729 2060 ὅ
2775 1996 2943 2061 ἐςτιν
2990 1996 3210 2076 εὐκαρ-

635 2101 798 2163 πεῖν.
886 2097 1378 2175 Λακεδαιμόνιοι
1426 2098 1498 2160 δὲ
1534 2103 1665 2163 τῶν
1712 2104 1930 2177 μηνῶν
1976 2097 2091 2161 ἕνα
2121 2098 2430 2163 Φλιάςιον
2474 2102 2807 2164 καλοῦςιν·
2852 2099 3098 2180 ὤφειλε
3143 2099 3215 2161 δὲ

637 2200 768 2265 ἀπὸ
813 2204 924 2277 τῆς
967 2199 1328 2263 Φλιοῦντος
1373 2198 1747 2282 Φλιούςιος,
1791 2203 2173 2283 πλεοναςμῷ
2217 2200 2289 2263 δὲ
2331 2204 2449 2264 τοῦ
2495 2204 2536 2262 ἃ
2579 2201 2896 2266 Φλιάςιος.

807 2315 1017 2410 Schol.
1065 2315 1136 2378 II
1181 2317 1299 2378 711
1349 2316 1684 2398 ὠνομάςθη
1725 2318 2099 2398 Παρναςςός
2142 2317 2272 2384 ἀπὸ
2312 2318 2692 2399 Παρναςςοῦ
2735 2323 2853 2384 τοῦ
2900 2319 3213 2399 ἐγχωρίου

635 2422 880 2502 ἥρωος,
941 2420 1030 2484 ῶς
1084 2417 1473 2483 Ἑλλάνικος·
1527 2421 1819 2500 Ἄνδρων
1875 2421 1977 2504 δέ,
2033 2421 2172 2484 ἐπεὶ
2224 2422 2665 2501 προςωρμίςθη
2716 2423 2754 2501 ἡ
2800 2422 3037 2501 λάρναξ
3095 2424 3211 2485 τοῦ

632 2522 1101 2588 Δευκαλίωνος.
1189 2521 1293 2584 καὶ
1335 2522 1409 2586 τὸ
1464 2521 1782 2600 πρότερον
1827 2522 2188 2601 Λαρναςςὸς
2245 2521 2563 2606 ἐκαλεῖτο,
2610 2523 2872 2602 ὕςτερον
2931 2525 3002 2588 δὲ
3047 2523 3207 2587 κατὰ

635 2625 890 2706 φθορὰν
935 2626 1051 2687 τοῦ
1098 2622 1407 2701 ςτοιχείου
1452 2623 1843 2701 Παρναςςός.
1894 2609 2027 2686 ‘St.
2074 2621 2147 2685 B.
2193 2624 2567 2702 Παρναςςός
2611 2623 2767 2703 ὄρος
2811 2626 3100 2704 Δελφῶν
3128 2661 3215 2672 --

635 2727 921 2793 ἐκαλεῖτο
989 2725 1060 2790 δὲ
1124 2725 1442 2804 πρότερον
1509 2725 1870 2804 Λαρναςςός
1936 2726 2040 2791 διὰ
2104 2727 2181 2791 τὸ
2236 2728 2352 2805 τὴν
2408 2725 2865 2792 Δευκαλίωνος
2930 2728 3215 2807 λάρνακα

636 2829 856 2894 αὐτόθι
901 2830 1419 2906 προςενεχθῆναι.
1481 2827 1640 2892 ἔνιοι
1687 2830 1758 2892 δέ
1802 2849 1993 2908 φαςιν
2026 2826 2156 2893 ἀπὸ
2186 2829 2567 2907 Παρναςςοῦ
2597 2830 2976 2908 Παρναςςὸν
3007 2829 3214 2909 ὄνομα

638 2934 888 3013 λαβεῖν,
945 2931 1022 2993 ὃν
1078 2929 1182 2992 καὶ
1234 2929 1687 3008 μαντεύςαςθαι
1729 2930 1942 2994 Πυθοῖ
1996 2937 2292 3013 πρῶτον,
2350 2930 2439 2995 ὡς
2495 2931 2968 3012 Ἀλεξανδρίδης
3022 2933 3211 3012 φηςὶν

637 3033 707 3096 ἐν
751 3033 988 3115 πρώτῳ
1034 3032 1181 3109 περὶ
1221 3035 1337 3095 τοῦ
1383 3030 1452 3095 ἐν
1495 3031 1792 3111 Δελφοῖς
1843 3034 2234 3111 χρηςτηρίου.

805 3141 1023 3214 Schol.
1080 3148 1177 3212 IV
1234 3148 1359 3212 965
1413 3150 1676 3228 Τιμαῖος
1732 3150 2073 3229 Θρινακίαν
2140 3152 2293 3230 φηςὶ
2348 3154 2666 3216 καλεῖςθαι
2736 3154 2852 3229 τὴν
2909 3151 3210 3232 (ικελίαν,

637 3252 732 3317 ὅτι
778 3254 949 3330 τρεῖς
995 3249 1192 3329 ἄκρας
1245 3250 1376 3328 ἔχει
1439 3252 1502 3314 οἱ
1558 3253 1630 3314 δὲ
1685 3251 1987 3329 ἱςτορικοὶ
2031 3251 2347 3330 Θρίνακόν
2403 3274 2594 3333 φαςιν
2652 3253 2831 3332 ἄρξαι
2889 3257 3000 3331 τῆς
3046 3252 3211 3316 (ικε-

611 3354 806 3436 νλίας,
855 3352 1077 3417 Μύλας
1122 3354 1194 3416 δὲ
1237 3353 1624 3431 χερςόνηςον
1672 3352 1978 3435 (ικελίας,
2025 3354 2094 3418 ἐν
2139 3355 2272 3437 ᾗαὶ
2315 3359 2431 3418 τοῦ
2462 3354 2679 3419 Ἡλίου
2712 3354 2856 3435 βόες
2887 3355 3210 3433 ἐνέμοντο.

639 3454 734 3518 St.
781 3453 854 3516 B.
903 3452 1267 3532 Τρινακρίαῑ
1314 3454 1352 3530 ἡ
1400 3453 1641 3518 (ικελία
1684 3454 1860 3531 παρὰ
1901 3456 1976 3519 τὸ
2021 3459 2189 3533 τρεῖς
2233 3456 2402 3533 ἔχειν
2449 3456 2671 3534 ἄκρας·
2717 3457 2947 3535 ἐκλήθη
2993 3456 3059 3520 δ’
3104 3456 3212 3520 οὕ-

637 3578 766 3621 τως
808 3558 846 3634 ἢ
893 3556 989 3620 ὅτι
1033 3558 1203 3635 τρεῖς
1247 3554 1442 3633 ἄκρας
1486 3554 1616 3633 ἔχει
1672 3557 1710 3632 ἢ
1757 3556 1855 3620 ὅτι
1900 3556 2140 3635 θρίνακί
2194 3557 2359 3621 ἐςτιν
2414 3557 2619 3637 ὁμοία.
2708 3558 2921 3622 πολλὰ
2965 3558 3037 3622 δὲ
3081 3557 3212 3622 ἀπὸ

637 3662 750 3737 τῆς
803 3656 1179 3737 ὁμοιότητος
1234 3657 1435 3736 χωρία
1481 3658 2021 3737 προςαγορεύεται
2069 3658 2454 3741 Λυρνηςςός,
2513 3660 2883 3739 Βρεντέςιον
2930 3658 3210 3739 (αρδών.

640 3760 906 3840 Είβυλλα
960 3761 1032 3823 δὲ
1086 3760 1190 3824 διὰ
1243 3760 1317 3823 τὸ
1377 3760 1689 3838 Τρίνακον
1748 3760 2067 3838 βούκολον
2135 3762 2250 3825 τὸν
2307 3761 2717 3825 Ποςειδῶνος
2773 3760 3046 3825 (ικελίας
3102 3760 3213 3839 ἄρ-

638 3868 736 3928 ξαι
781 3863 906 3925 κτλ.

806 3995 1030 4061 Simile
1059 3996 1218 4083 quid
1249 3995 1408 4076 eius,
1434 3994 1606 4083 quod
1639 4018 1743 4081 ap.
1769 3994 1866 4060 St.
1891 3996 1967 4060 B.
1992 3994 2268 4081 legimus
2301 4020 2351 4061 s.
2378 3998 2684 4078 Ἀβαντίςῖ
2718 3997 3028 4081 Ἀβαντία,
3053 3998 3212 4076 ὅπερ

637 4100 796 4165 κατὰ
832 4101 1213 4179 βαρβαρικὴν
1244 4101 1491 4178 τροπὴν
1529 4103 1646 4163 τοῦ
1688 4086 1724 4178 β
1776 4098 1865 4163 εἰς
1920 4102 1960 4177 ᾗ
2005 4101 2300 4180 Ἀμαντία
2354 4100 2578 4178 ἐλέχθη
2636 4100 2811 4179 παρὰ
2866 4099 3212 4183 Ἀντιγόνῳ

638 4203 709 4267 ἐν
768 4203 1169 4285 Μακεδονικῇ
1225 4203 1597 4280 περιηγήςει.
1701 4202 2091 4281 Καλλίμαχος
2156 4204 2227 4266 δὲ
2280 4203 2652 4281 Ἀμαντίνην
2723 4202 2813 4265 ὡς
2867 4202 3212 4279 Λεοντίνην

639 4305 839 4382 αὐτὴν
895 4304 1020 4383 ἔφη
1069 4303 1210 4367 «καὶ
1252 4303 1623 4382 Ἀμαντίνην
1671 4304 1904 4386 ᾦκιςαν
1950 4303 2297 4384 Ὠρικίην»,
2357 4303 2625 4367 obvenit
2678 4301 2748 4364 in
2803 4300 3014 4366 Schol.
3072 4301 3213 4366 loco

639 4403 945 4469 lacunoso
993 4403 1089 4466 IV
1130 4403 1252 4466 518
1297 4406 1531 4484 ταύτην
1579 4404 1695 4486 (sc,
1743 4408 1860 4483 τὴν
1892 4404 2190 4488 Εὔβοιαν)
2237 4404 2297 4469 οἱ
2342 4409 2786 4470 κατοικοῦντες
2830 4407 2985 4485 μετὰ
3029 4404 3213 4469 Ἰλίου

639 4508 874 4572 ἅλωςιν
922 4505 983 4570 οἱ
1027 4508 1140 4585 μὲν
1183 4507 1486 4586 Ἄβαντες
1532 4557 1784 4571 .....
1831 4506 2204 4587 Ἀμαντίνην
2261 4506 2511 4590 ᾧκηςαν
2528 4532 2570 4569 ».
2662 4504 2978 4572 Conferas
3035 4505 3212 4569 deni-

639 4632 762 4695 que
819 4605 1032 4672 Schol.
1091 4608 1124 4671 I
1182 4606 1302 4671 102
1356 4608 1715 4688 Φερεκύδης
1769 4609 1840 4673 ἐν
1893 4616 1969 4693 τῇ
2025 4610 2079 4672 θ’
2135 4610 2323 4688 φηςὶν
2381 4607 2478 4672 ὅτι
2532 4608 2799 4673 Ἔλατος
2855 4607 2893 4673 ὁ
2949 4609 3212 4687 Ἰκαρίου

639 4716 827 4789 γαμεῖ
869 4711 1217 4791 Ἐρυμήδαν
1262 4712 1376 4788 τὴν
1420 4712 1859 4790 Δαμαςίκλου·
1904 4711 2140 4776 τούτου
2184 4711 2256 4775 δὲ
2298 4698 2534 4785 γίνεται
2578 4710 2920 4795 Ταίναρος,
2966 4709 3087 4789 ἀφ’
3132 4707 3212 4772 οὗ

643 4809 961 4892 Ταίναρον
1005 4817 1285 4877 καλεῖται
1329 4814 1368 4893 ἡ
1413 4815 1599 4878 πόλις
1644 4815 1746 4878 καὶ
1788 4812 1827 4890 ἡ
1874 4812 2035 4892 ἄκρα
2079 4814 2179 4877 καὶ
2223 4812 2260 4876 ὸ
2308 4813 2491 4893 λιμήν
2535 4834 2678 4876 eum
2729 4811 2824 4875 St.
2858 4809 2932 4873 B.
2967 4834 3018 4875 s,
3067 4811 3210 4875 Ταί-
