3664 5546
1510 398 1924 447 PRAEFATIO.
2830 396 3001 446 anl

414 553 726 632 ἐπιτομῆς
771 555 1119 633 παράδοςις
1166 556 1381 631 ὀνήςει
1428 554 1590 632 πρὸς
1633 556 1707 619 τὸ
1755 555 2058 634 βούλημα.
2120 553 2347 617 (κόπει
2380 553 2498 618 οὖν
2544 553 2686 618 εἴτι
2723 556 2825 618 καὶ
2853 553 3003 632 ἡμῖν

417 658 679 735 ἤνυςται
726 658 1032 735 χρήςιμον
1078 658 1159 735 μὴ
1192 657 1397 734 μόνον
1427 656 1514 720 εἰς
1558 656 2018 738 ςυντομίαν,
2051 665 2060 727 Ι
2095 653 2262 719 ἀλλὰ
2293 656 2395 718 καὶ
2424 654 2511 720 εἰς
2556 657 3004 735 ςαφήνειαν.
3048 664 3108 716 10

591 759 765 823 Ἐπεὶ
807 760 931 838 γὰρ
976 759 1049 823 τὸ
1096 759 1432 822 πολύυλον
1477 762 1606 823 τῶν
1652 758 1928 837 ὁριςμῶν
1987 757 2056 822 ἐν
2113 759 2387 821 πολλοῖς
2442 758 2699 823 ’κανόςιν
2755 757 3006 836 ἀθρόως

422 861 719 940 κείμενον
767 861 1125 939 δύςληπτον
1171 862 1241 944 ᾖ,
1286 861 1701 944 καταδιῃρέθη
1746 864 1973 943 τοῦτο,
2016 859 2111 924 ἵν’
2155 858 2436 937 εὔληπτα
2474 859 2730 939 γένηται
2775 864 3004 939 διαιρε-

426 964 620 1028 θέντα
676 964 759 1027 τὰ
815 962 936 1043 ὑφ’
979 965 1050 1028 ἓν
1104 963 1361 1041 κείμενα
1412 968 1505 1045 τῷ
1550 961 1943 1045 Ἡρωδιανῷ.
2040 962 2115 1026 τὸ
2172 962 2294 1039 γὰρ
2351 960 2478 1038 ἅμα
2531 962 2752 1045 γένος,
2810 960 3004 1042 εἶδος,

429 1069 661 1147 ςχῆμα,
706 1065 1074 1143 κατάληξιν,
1109 1074 1116 1135 Ι
1150 1064 1532 1146 παράληξιν,
1578 1062 1813 1146 ἀρχήν,
1859 1064 2133 1145 χρόνον,
2164 1065 2512 1145 ςτοιχεῖον,
2555 1063 2761 1128 πάθος
2804 1085 3004 1143 παρα-
3046 1073 3106 1124 15

429 1170 677 1249 τηρεῖν,
722 1167 761 1244 ἢ
807 1167 887 1230 τὰ
929 1169 1192 1231 πλεῖςτα
1236 1166 1517 1248 τούτων,
1561 1167 1849 1243 χαλεπὸν
1893 1166 1994 1230 καὶ
2039 1166 2432 1245 δυςέφικτον.

600 1269 714 1349 ἐφ’
757 1268 998 1352 ἑκάςτῳ
1044 1269 1114 1332 δὲ
1159 1273 1289 1332 τῶν
1335 1267 1649 1331 τοιούτων
1695 1268 1973 1346 ὁριςμῶν
2027 1267 2067 1344 ἡ
2114 1269 2193 1345 μὴ
2249 1266 2342 1330 ἔτι
2388 1269 2598 1347 πολλὴ
2655 1268 2783 1347 ἅμα
2837 1268 3006 1332 δοκί-

435 1391 570 1450 μων
614 1371 1145 1450 παραδειγμάτων
1191 1370 1379 1434 εὐθὺς
1425 1369 1764 1448 παράθεςις
1806 1369 2194 1448 ἀπαγορεύει
2253 1369 2592 1452 διάνοιῐαν,
2639 1370 2797 1435 ὥςτε
2845 1369 3005 1454 ῥᾷον
3042 1380 3110 1430 20

433 1477 569 1538 τοῖς
611 1473 832 1538 ἄλλοις
879 1471 1276 1537 ἀκολουθεῖν.

602 1578 699 1639 δεῖ
743 1577 814 1639 δὲ
859 1576 975 1640 τὸν
1022 1574 1135 1654 ἐφ’
1179 1573 1441 1638 ἑκάςτου
1484 1574 1758 1639 κανόνος
1801 1574 2260 1653 περιμένοντας
2307 1574 2507 1650 λόγον
2553 1574 2760 1640 οὕτως
2794 1573 2805 1659 Ι
2837 1575 3008 1654 ἔχειν
3045 1575 3104 1655 7,
3138 1584 3162 1633 1

437 1677 633 1743 αὐτὸν
690 1677 911 1755 ἐντελῆ
958 1677 1474 1754 ςυναγαγόμενόν
1519 1696 1585 1740 τε
1633 1675 1700 1741 ἐκ
1744 1681 1876 1741 τῶν
1922 1677 2081 1741 κατὰ
2136 1676 2358 1760 μέρος,
2410 1676 2519 1741 ἵνα
2572 1679 2653 1757 μὴ
2710 1678 3010 1757 ςυντομία

438 1781 669 1862 μόνον,
714 1778 882 1844 ἀλλὰ
925 1779 1027 1842 καὶ
1071 1780 1456 1858 ςαφήνεια
1499 1782 1636 1843 τοῖς
1679 1778 2159 1856 ἐντευξομένοις
2204 1779 2474 1863 ὑπάρχῃ.

603 1881 849 1946 (υντο
863 1879 1039 1959 μίας
1096 1881 1166 1944 δὲ
1223 1881 1409 1959 χάριν
1465 1883 1755 1958 παρεῖται
1811 1882 1885 1946 τὸ
1944 1881 2047 1944 διὰ
2100 1881 2411 1959 ζητήςεως
2464 1882 2820 1948 κανονίζειν
2877 1889 3008 1947 τῶν

440 1986 551 2063 μὲν
582 1983 1137 2062 ἀναιτρεπομένων
1184 1982 1416 2065 λόγον,
1462 1987 1590 2047 τῶν
1624 1984 1695 2047 δὲ
1725 1983 2244 2061 κρατυνομένων’
2289 1982 2512 2048 ἱκανὸν
2557 1984 2679 2062 γὰρ
2723 1989 2815 2067 τῷ
2861 2005 3008 2063 κρα-
3045 1996 3078 2044 5

440 2091 648 2151 τοῦντι
695 2086 869 2169 λόγω
914 2085 1226 2149 πείθεςθαι
1272 2086 1417 2162 περὶ
1459 2087 1571 2161 τῆς
1616 2083 1810 2162 ὀρθῆς
1855 2085 2245 2168 προςῳδίας,
2291 2086 2448 2151 ὥςτε
2503 2090 2613 2163 τῆς
2659 2086 3007 2165 ὀρθότητος

441 2192 552 2252 τοῦ
595 2188 971 2266 ἑλληνιςμοῦ
1017 2189 1096 2265 μὴ
1129 2186 1610 2268 διαμαρτάνειν,
1656 2187 1758 2250 καὶ
1800 2190 1918 2251 τοῦ
1962 2187 2198 2265 ταύτην
2245 2189 2647 2253 ςυνιςτάντος
2692 2178 2894 2264 λόγου
2927 2191 3007 2267 μὴ

441 2290 903 2368 ἀνεπιςτήμονα
947 2289 1134 2367 ἔχειν.

604 2392 769 2456 ἀλλὰ
813 2392 915 2456 καὶ
957 2393 1031 2456 τὸ
1080 2401 1088 2462 Ι
1137 2392 1306 2455 πολὺ
1350 2395 1595 2469 πλῆθος
1639 2396 1772 2456 τῶν
1803 2392 2366 2475 παραδειγμάτων,
2411 2394 2513 2457 καὶ
2555 2394 2594 2472 ἡ
2639 2394 2785 2471 περὶ
2814 2392 3010 2470 ἀγνο-
3052 2405 3114 2455 10

443 2495 728 2574 ουμένων
775 2493 845 2557 ἐν
890 2491 1107 2558 αὐτοῖς
1154 2493 1433 2571 ἐξήγηςις
1476 2495 1578 2558 καὶ
1621 2495 1660 2570 ἡ
1706 2496 1814 2570 τῆς
1860 2496 2140 2572 χρήςεως
2171 2495 2385 2560 αὐτῶν
2417 2497 2626 2573 πολλὴ
2671 2495 3009 2573 παράθεςις

441 2596 912 2659 καταλέλειπται
968 2602 1059 2678 τῷ
1113 2598 1488 2674 ςυγγραφεῖ·
1546 2595 1832 2659 κάκεῖθεν
1893 2598 2163 2674 λήψεται
2219 2598 2257 2661 ὁ
2314 2598 2395 2675 μὴ
2450 2597 2653 2675 μόνον
2709 2599 2824 2675 τὴν
2878 2603 3009 2661 τῶν

441 2703 818 2784 προςῳδιῶν
865 2697 1179 2777 ὀρθότητα
1223 2702 1457 2781 ζητῶν,
1505 2697 1671 2762 ἀλλὰ
1713 2699 1817 2761 καὶ
1864 2708 1872 2769 Ι
1920 2699 2065 2777 περὶ
2108 2698 2220 2762 τὰς
2264 2699 2561 2779 δυνάμεις
2617 2699 2720 2762 καὶ
2764 2699 3011 2778 χρήςεις
3055 2710 3111 2761 15

440 2805 831 2882 φιλομαθῶν.
2826 2783 2833 2798 ’

606 2905 795 2969 εὐθὺς
840 2901 959 2967 οὖν
1003 2904 1117 2982 τὴν
1163 2903 1232 2967 ἐν
1275 2910 1366 2988 τῷ
1410 2901 1727 2986 προοιμίῳ
1774 2906 2095 2982 διατριβὴν
2139 2903 2573 2986 περιελόντες,
2617 2903 3012 2982 ἐνδεικνυμέ-

439 3029 556 3086 νην
611 3009 688 3070 τὸ
746 3006 1011 3085 μέγεθος
1065 3007 1175 3082 τῆς
1231 3006 1657 3085 πραγματείας
1725 3005 1826 3068 καὶ
1891 3009 2022 3070 τῶν
2077 3005 2398 3084 πρότερον
2452 3006 2880 3087 γεγραφότων
2934 3007 3010 3070 τὸ

440 3109 652 3174 ἐνδεὲς
695 3107 1112 3189 ἐλέγχουςαν,
1158 3105 1267 3170 ἐπ’
1297 3107 1459 3171 αὐτὰ
1500 3107 1734 3185 ἥξομεν
1779 3106 1860 3170 τὰ
1889 3108 2052 3185 πρὸς
2097 3108 2435 3182 ἐπίγνωςιν
2480 3112 2590 3186 τῆς
2620 3107 2967 3184 ἀναλογίας
3000 3118 3009 3170 Ι

438 3210 909 3286 κατεπείγοντα.
997 3209 1052 3272 εἰ
1096 3210 1166 3273 δέ
1209 3229 1266 3272 τι
1322 3209 1803 3287 ςυντομώτερον
1860 3213 1976 3273 τοῦ
2031 3209 2158 3286 πρὸ
2214 3209 2364 3288 ἡμῖν
2420 3210 2844 3289 ἐπειγομένου
2898 3231 3009 3274 πε·
3045 3225 3116 3274 20

437 3314 818 3394 ποιήκαμεν,
865 3311 1074 3390 ὥςπερ
1121 3310 1443 3392 ἐζήτηςας,
1489 3311 1644 3390 μετὰ
1687 3314 1803 3375 τοῦ
1851 3311 2239 3390 ςαφεςτέρου
2284 3312 2386 3375 καὶ
2431 3312 2828 3378 εὐςυνόπτου
2872 3314 3012 3376 τοῖς

437 3417 741 3496 πολλοῖς,
788 3412 981 3477 αὐτὸς
1025 3412 1380 3491 ἐπικρινεῖς.

608 3548 788 3612 Dicit
841 3547 1042 3632 igitur
1082 3522 1404 3611 Arcadius
1452 3570 1521 3611 se
1555 3546 1959 3613 Catholicam
2003 3548 2069 3611 in
2113 3548 2565 3634 compendium
2610 3548 3013 3634 redigentem

436 3661 506 3715 ct
548 3648 1000 3736 perspicuitati
1046 3659 1111 3713 et
1151 3648 1460 3714 brevitati
1505 3647 1864 3731 studuisse3
1923 3658 2115 3736 atque
2161 3650 2611 3737 perspicuitati
2654 3650 2776 3716 hoc
2820 3652 3012 3716 modo

435 3753 770 3839 provisum
823 3773 995 3815 esse:

608 3850 834 3933 Multi,
880 3853 1118 3939 inquit,
1166 3875 1447 3918 canones
1480 3853 1929 3917 definitionum
1958 3853 2373 3918 multitudine
2403 3877 2533 3920 uno
2567 3865 2791 3921 tenore
2835 3856 3015 3921 nulla

431 3954 910 4019 intermissione
953 3954 1459 4040 compositarum
1505 3954 1802 4018 difficiles
1850 3954 1936 4018 ad
1966 3955 2358 4041 capiendum
2402 3966 2580 4039 sunt3
2625 3979 2776 4020 nam
2821 3957 3013 4022 simul

430 4057 776 4123 attendere
830 4055 916 4119 ad
970 4058 1160 4134 γένος
1215 4079 1418 4141 genus
1466 4054 1763 4140 (mascul.
1822 4057 2046 4121 femin.
2104 4080 2421 4122 commun.
2436 4107 2453 4140 ‚
2511 4064 2830 4140 μονογενῆ
2884 4082 3009 4140 τρι-

433 4160 656 4246 γενῆ),
702 4158 880 4224 εἶδος
926 4160 1205 4243 speciem
1253 4158 1616 4243 (primitiva
1659 4168 1724 4223 et
1759 4157 2115 4242 derivata),
2163 4166 2362 4241 ςχῆμα
2410 4160 2788 4247 (simplicia,
2840 4182 3052 4234 com-,

433 4263 689 4348 posita,
760 4258 1286 4345 par-asyntheta),
1363 4261 1696 4340 κατάληξιν
1764 4261 2040 4343 exitum,
2107 4264 2460 4342 παράληξιν
2524 4257 3008 4348 paenultimam,

432 4365 644 4443 ἀρχὴν
688 4362 1109 4448 principium,
1155 4363 1395 4441 χρόνον
1426 4361 1917 4448 productionem
1963 4373 2028 4426 et
2057 4365 2528 4448 correptionem
2574 4364 2817 4429 vocalis
2863 4364 3008 4429 ulti-

431 4654 897 4718 ἀπαγορεύοντες
932 4656 1146 4720 scripsi.
1183 4681 1251 4690 —-
1285 4654 1319 4703 l.
1343 4657 1375 4704 9
1410 4669 1532 4704 cum
1569 4652 1758 4703 eodem
1797 4653 1871 4717 μὴ
1910 4653 2084 4717 μόνον
2120 4655 2343 4708 inserui.
2380 4682 2444 4691 --
2482 4654 2514 4704 l.
2552 4657 2614 4704 13
2648 4653 2721 4704 τὰ
2756 4657 3014 4720 apposuit

434 4725 621 4806 Schm.
671 4749 740 4758 —-
787 4723 821 4772 1.
865 4723 928 4771 18
971 4738 1067 4788 pro
1105 4721 1431 4774 ἑπιπολλοῖς
1468 4723 1514 4771 Α
1559 4727 1616 4772 et
1659 4720 1971 4787 ἑπιπολλῆς
2016 4724 2106 4774 BC
2154 4724 2353 4789 scripsi
2397 4722 2479 4773 ἔτι
2524 4722 2737 4806 πολλῇ,
2783 4739 2880 4789 pro
2924 4724 3011 4777 διὰ

431 4807 559 4843 των
575 4818 664 4926 1:-
668 4788 1026 4924 Ὶῖδοῖμὲυἶίτο
1060 4858 1157 4910 ὅτε
1195 4859 1416 4924 scripsit
1451 4857 1594 4909 ὥςτε
1633 4858 1863 4911 Villoiso
1899 4876 1949 4926 p.
1990 4863 2105 4912 117.
