3664 5546
607 337 733 404 486
1539 330 1622 385 ΕΚ
1657 327 1797 383 ΤΩΝ
1839 325 2245 382 ΗΡΩΔΙΑΝΟΥ

775 506 849 572 Αἱ
903 503 1425 585 ςυναληλιμμὲναι
1484 501 1604 566 οὐκ
1657 499 2186 580 ἀναςτρέφονται,
2243 497 2298 561 εἰ
2352 497 2432 576 μὴ
2490 497 2741 575 ςτιγμῆς
2803 491 3172 572 ἐπιφέροιτο

611 610 959 678 ἀνάπαυςις
1000 608 1040 686 ἢ
1084 606 1445 673 κινδυνεύοι
1488 605 1565 670 τὸ
1610 602 2070 684 ςημαινόμενον
2115 599 2513 679 λυμαίνεςθαι
2558 603 2734 684 «τῇςι
2775 595 2934 674 παρ’
2975 593 3174 662 εἰνάε-

613 936 857 991 διάλυςιν
892 932 1171 997 λέγωνται
1207 931 1350 996 πρὸς
1392 929 1466 982 τὰ
1511 926 1918 994 ἐπιφερόμενα,
1964 926 2296 992 φυλάςςουςι
2340 925 2476 979 τοὺς
2512 927 2716 981 τόνους
2751 927 2929 981 «κατὰ
2972 930 3183 994 ταῦρον

614 1002 871 1071 ἐδηδώς»
906 1002 993 1066 (11.
1032 999 1070 1053 Ρ
1108 1001 1257 1064 542),
1303 996 1488 1049 «κατὰ
1534 998 1663 1061 βοῦς
1702 995 2029 1060 Ὑπερίονος
2067 995 2301 1059 ἤςθιον»
2337 995 2464 1060 (od.
2499 1011 2536 1048 α
2571 996 2645 1060 8),
2691 995 2841 1049 «ἀνὰ
2885 997 2945 1048 δ’
2979 997 3010 1048 ὁ
3047 1010 3182 1049 πτο-

616 1072 886 1138 λίπορθος
924 1067 1217 1121 Ὀδυςςεὺς
1254 1066 1427 1130 ἐςτη»
1464 1065 1557 1131 (11.
1593 1064 1632 1117 Β
1670 1065 1808 1129 278).
1880 1062 2049 1128 ἐχρῆν
2085 1062 2188 1116 οὖν
2225 1064 2316 1115 καὶ
2359 1065 2462 1128 τῆς
2499 1063 2650 1131 παρά
2687 1062 2911 1129 ἐνθάδε,
2958 1062 3006 1116 εί
3040 1064 3183 1129 πρὸς

555 1126 565 1137 ’
615 1142 685 1194 τὸ
724 1136 1139 1204 ἐπιφερόμενον
1175 1133 1565 1198 ςυντάττεται,
1603 1131 1969 1196 φυλάςςεςθαι
2003 1133 2110 1184 τὸν
2152 1132 2339 1184 τόνον.
2411 1131 2554 1198 πρὸς
2590 1131 2688 1184 οὓς
2725 1135 2974 1185 πιθανῶς
3008 1132 3183 1184 ὑπαν-

616 1209 850 1274 τητέον,
888 1205 976 1258 ὅτι
1021 1204 1208 1257 ἐκεῖνα
1254 1202 1383 1267 μέν,
1431 1202 1576 1266 ἅπερ
1621 1199 1901 1266 ἐτίθεντο,
1948 1201 2038 1251 καὶ
2085 1199 2147 1251 ἐν
2191 1204 2263 1266 τῇ
2309 1199 2555 1262 ςυνθέςει
2598 1200 2913 1265 φυλακτικά
2958 1200 3185 1262 ἐγένετο

619 1280 724 1329 τοῦ
759 1274 935 1328 τόνου
969 1276 1092 1324 τῶν
1128 1270 1455 1337 προθέςεων
1489 1267 1615 1322 οἷον
1651 1266 1978 1333 κατήςθιον,
2026 1267 2364 1333 κατεδηδώς.
2436 1267 2503 1319 οὐ
2548 1267 2655 1334 γάρ
2702 1283 2785 1321 τις
2831 1271 2951 1320 τῶν
2987 1268 3186 1334 προθέ-

620 1355 766 1398 ςεων
799 1342 1028 1395 τούτων
1065 1340 1158 1392 ἐπὶ
1202 1340 1309 1404 τὴν
1355 1338 1631 1403 ἄρχουςαν
1677 1337 1956 1400 ςυλλαβὴν
2005 1336 2207 1402 ἑαυτῆς
2254 1335 2442 1400 μετεβί
2476 1337 2571 1389 αζε
2614 1337 2721 1389 τὸν
2765 1336 2952 1389 τόνον.
3019 1336 3089 1389 τὸ
3125 1337 3190 1391 δὲ

621 1412 836 1478 πάρειςι
873 1407 1241 1474 μεταβιβάζεν
1288 1407 1454 1460 ἔνθεν
1490 1406 1579 1458 καί
1623 1405 1691 1456 τὸ
1729 1404 1873 1457 κατὰ
1918 1402 2159 1456 διάλυςιν
2204 1404 2390 1456 οὕτως
2472 1405 2906 1468 ναγτνώςκομεν.
2981 1405 3089 1457 Sed
3129 1408 3188 1457 in

620 1481 727 1533 Od.
764 1482 793 1533 ζ
827 1482 918 1531 40:
957 1476 1176 1529 πολλὸν
1215 1475 1322 1540 γὰρ
1357 1474 1471 1527 ἄπο
1507 1471 1712 1525 πλυνοί
1748 1471 1853 1526 είςι
1890 1472 2104 1538 πόληος
2140 1489 2249 1523 non
2283 1474 2390 1524 bae
2436 1474 2652 1525 ratione
2699 1480 2988 1525 accentum
3032 1490 3190 1541 prae·

660 1547 914 1600 ositionis
949 1545 1065 1597 ἄπο
1100 1544 1428 1610 explicavit,
1466 1542 1563 1593 sed
1600 1543 1743 1605 alia,
1788 1546 1851 1592 ut
1886 1543 2073 1592 statim
2109 1541 2429 1592 videbimus.
2463 1569 2529 1577 —-
2564 1542 2963 1595 Praetermissa
2997 1547 3084 1594 est
3118 1543 3189 1593 ab

652 1635 701 1669 ο.
737 1617 823 1668 ΑΙ.
862 1614 1116 1665 doctrina
1154 1613 1221 1663 de
1257 1610 1757 1678 praepositionibus
1793 1608 2174 1661 adverbiorum
2210 1610 2320 1660 vim
2355 1610 2712 1662 induentibus
2813 1626 2918 1662 uae
2953 1611 3195 1661 eontine-

622 1691 715 1736 tur
757 1684 845 1734 his
888 1682 953 1734 Il.
987 1682 1075 1732 Pr.
1122 1680 1557 1730 adnotamentis:
1607 1675 1646 1730 C
1691 1680 1781 1729 64:
1828 1675 1944 1728 ἀπὸ
1992 1677 2297 1740 πτολέμοιο
2343 1676 2641 1740 μένοντος;
2693 1627 3043 1744 ’Ᾰρῖςταρχος
3085 1693 3193 1741 φυ-

624 1751 816 1805 λάττει
860 1750 965 1801 τὸν
1009 1748 1183 1800 τόνον
1226 1748 1331 1812 τῆς
1366 1744 1708 1812 προθέςεως·
1757 1743 1974 1809 ἔφαμεν
2019 1745 2079 1797 δὲ
2115 1744 2177 1797 ἐν
2222 1743 2432 1810 ἑτέροις
2469 1744 2535 1811 (Β
2575 1745 2694 1810 162)
2734 1745 2822 1797 δτι
2866 1745 2903 1810 ἡ
2941 1745 3055 1798 ἀπό
3090 1746 3194 1798 ἐὰν

626 1817 989 1884 ςυντάςςηται
1023 1820 1094 1882 τῇ
1131 1818 1323 1881 γενικῇ
1363 1815 1438 1879 μὴ
1476 1812 1680 1877 μεταξὺ
1720 1815 2050 1865 πιπτουςῶν
2086 1813 2296 1866 λέξεων
2333 1814 2423 1864 καὶ
2460 1812 2696 1880 ςημαίνῃ
2733 1814 2803 1865 τὸ
2840 1813 3054 1866 ἄποθεν
3088 1829 3194 1878 φυ-

626 1887 807 1940 λάςςει
840 1886 946 1951 τόν
981 1883 1175 1936 τόνον·
1222 1882 1409 1935 οὕτως
1444 1881 1548 1934 οὖν
1594 1880 1924 1943 ἀνέγνωμεν
1960 1880 2116 1933 «ἀπὸ
2153 1879 2419 1946 πατρίδος
2455 1880 2629 1947 ἄνδρα
2664 1881 2986 1935 κατακτάς»
3022 1882 3110 1946 (11.
3150 1881 3194 1934 Ν

626 1954 751 2022 696)
787 1954 879 2006 καὶ
913 1952 1056 2005 «οὐκ
1092 1952 1346 2004 ἐθέλεςκε
1383 1949 1565 2016 μάχην
1602 1947 1716 2000 ἀπὸ
1753 1946 2010 2013 τείχεος»
2047 1949 2135 2013 (11.
2164 1950 2349 2014 1363)·
2386 1951 2520 2001 «καὶ
2554 1949 2660 2015 γάρ
2695 1965 2779 2003 τις
2815 1950 2878 2002 θ’
2911 1950 3011 2003 ἕνα
3046 1952 3197 2016 μῆνα

627 2023 815 2088 μένων
850 2020 966 2074 ἀπὸ
1002 2019 1070 2085 ἦς
1107 2018 1376 2082 ἀλόχοιο»
1414 2019 1499 2083 (Il.
1526 2017 1565 2070 Β
1602 2018 1742 2082 292).
1814 2017 2131 2082 προςέθηκα
2167 2016 2227 2069 δέ
2263 2018 2337 2081 μὴ
2376 2018 2579 2081 μεταξὺ
2618 2021 2948 2071 πιπτουςῶν
2985 2018 3199 2072 λέξεων

626 2090 716 2144 διὰ
748 2089 817 2142 τό
854 2088 1012 2141 ((ᾰπο
1048 2086 1252 2139 πλυνοί
1288 2084 1387 2138 εἰςι
1424 2085 1682 2151 πόληος»
1718 2084 1843 2149 (Οᾶ.
1880 2087 1908 2137 Ζ
1942 2087 2060 2148 49),
2097 2084 2164 2137 οὐ
2199 2084 2272 2147 γά
2339 2084 2444 2137 έπλ
2486 2085 2633 2139 ςίαςε
2678 2091 2750 2153 τῇ
2787 2091 3006 2155 γενικῇ,
3053 2086 3201 2139 ἀλλὰ

630 2158 836 2225 μεταξὺ
881 2155 1182 2209 ἀνεδέξατο
1219 2154 1408 2208 λέξεις.
1488 2153 1528 2205 Β
1575 2156 1700 2203 162:
1745 2151 1914 2218 φίλης
1957 2151 2072 2204 ἀπὸ
2118 2167 2266 2219 πατρ
2355 2168 2383 2206 ς
2424 2169 2461 2205 α
2484 2169 2575 2220 ης;
2633 2154 2738 2208 οὐκ
2779 2155 3202 2221 ἀναςτρεπτέον

625 2229 735 2292 τὴν
770 2225 1063 2291 πρόθεςιν,
1102 2223 1181 2275 ὡς
1217 2220 1551 2287 Τυραννίων
1597 2222 1686 2272 καὶ
1720 2220 2104 2284 Πτολεμαῖος·
2154 2220 2330 2274 ὁπότε
2375 2222 2481 2289 γὰρ
2524 2227 2717 2290 γενικὴ
2761 2223 3115 2277 ςυντάςςεται
3162 2223 3199 2286 ή

627 2294 742 2348 ἀπό
780 2295 855 2359 μὴ
894 2293 1099 2356 μεταξὺ
1136 2292 1467 2343 πιπτουςῶν
1504 2287 1715 2342 λέξεων
1750 2290 1842 2340 καὶ
1877 2287 2112 2355 ςημαίνῃ
2149 2289 2220 2340 τὸ
2255 2289 2470 2343 ἄποθεν
2506 2294 2664 2357 τηρεῖ
2699 2291 2804 2343 τόν
2838 2290 3035 2344 τόνον·
3074 2292 3205 2343 «καὶ

627 2363 733 2428 γὰρ
776 2361 862 2414 τίς
906 2361 969 2412 θ’
1005 2360 1105 2412 ἕνα
1153 2362 1300 2424 μῆνα
1346 2358 1535 2422 μένων
1579 2356 1695 2409 ἀπὸ
1739 2355 1808 2421 ἦς
1853 2356 2136 2421 ἀλόχοιο».
2219 2356 2258 2409 Β
2303 2362 2427 2409 292:
2475 2358 2589 2412 άπὸ
2635 2358 2703 2424 ἦς
2748 2358 3003 2423 ἀλόχοιοε
3049 2359 3205 2412 τινές

629 2429 956 2493 ἀνέγνωςαν
991 2427 1105 2480 ἄπο
1140 2426 1209 2491 ἦς
1244 2426 1472 2491 ἀλόχοιο
1509 2425 1650 2478 κατὰ
1685 2423 2073 2491 ἀναςτροφήν,
2109 2424 2203 2477 ἵνα
2240 2424 2568 2493 ςημαίνηται
2592 2427 2662 2478 τὸ
2686 2426 2932 2480 ἄπωθεν.
2969 2427 3205 2490 ἄμεινον

629 2499 693 2552 δέ
727 2496 1010 2550 πείθεςθαι
1044 2499 1116 2561 τῇ
1155 2494 1538 2561 κατειθιςμένῃ
1577 2492 1910 2556 ἀναγνώςει·
1949 2493 2311 2546 ςυντέτακται
2353 2495 2460 2561 γὰρ
2495 2499 2566 2561 τῇ
2602 2499 2810 2561 γενικῇ.
2882 2497 2894 2548 Ι
2933 2499 3060 2548 353:
3096 2494 3205 2547 οὐκ

633 2566 888 2620 έθέλεςκε
938 2563 1119 2630 μάχην
1163 2561 1278 2615 ἀπὸ
1323 2561 1539 2626 τείχεος
1583 2561 1828 2627 ὀρνύμεν
1872 2560 2119 2627 Ἕκτωρε
2177 2561 2408 2615 δύναται
2461 2568 2532 2630 τῇ
2579 2568 2769 2629 γενικῇ
2818 2563 3206 2617 ςυντάςςεςθαι

631 2635 724 2686 καὶ
771 2634 846 2698 μὴ
894 2632 1126 2685 πάντως
1163 2629 1449 2696 ςημαίνειν
1493 2630 1562 2681 τὸ
1610 2629 1859 2681 ἄπωθεν.
1929 2628 1967 2682 Ε
2001 2633 2126 2682 322:
2173 2629 2373 2695 νόςφιν
2408 2631 2522 2684 ἀπὸ
2558 2631 2870 2696 φλοίςβοιο;
2922 2631 3025 2684 οὐκ
3072 2631 3207 2684 ἀνα-

631 2701 954 2767 ςτρεπτέον.
1023 2699 1253 2753 δύναται
1279 2699 1405 2820 {gg
1429 2699 1519 2749 καὶ
1554 2702 1626 2765 τῇ
1662 2701 1854 2763 γενικῇ
1892 2696 2275 2750 ςυντάςςεςθαι
2311 2700 2401 2751 καί
2426 2698 2710 2766 ςημαίνειν
2733 2700 2802 2751 τὸ
2840 2699 3072 2764 ἄποθεν,
3108 2699 3210 2753 ἵνα

634 2770 830 2836 ὅμοιον
875 2770 909 2835 ᾖ
955 2772 1039 2836 τῷ
1086 2767 1233 2820 «οὐκ
1408 2782 1532 2820 εςκε
1578 2765 1759 2832 μάχην
1804 2765 1919 2819 ἀπὸ
1963 2764 2220 2831 τείχεος»
2256 2767 2344 2831 (Il.
2381 2768 2394 2821 Ι
2431 2769 2570 2837 353).
2638 2769 2677 2833 ἢ
2723 2769 2812 2821 καὶ
2850 2769 3209 2836 παρέλκεται.

562 2858 567 2865 ·
632 2840 811 2891 Lehrs
846 2854 933 2905 qu.
972 2855 1057 2904 ep.
1093 2854 1146 2903 p.
1169 2840 1386 2889 94-96,
1421 2864 1487 2872 —-
1523 2835 1651 2900 περὶ
1685 2852 1782 2902 pro
1819 2836 2089 2900 περιςςῶς
2126 2839 2365 2902 positum
2397 2854 2507 2889 non
2542 2844 2753 2889 mutare
2789 2844 3076 2890 noeentum
3111 2838 3210 2889 ad·

635 2912 861 2959 notatur
883 2907 942 2957 in
967 2906 1032 2957 11.
1059 2907 1148 2959 Pr.
1174 2906 1226 2956 Δ
1248 2907 1341 2956 46:
1381 2905 1509 2969 περὶ
1544 2906 1694 3022 κἽρυ
1735 2904 2004 2967 περιςςῶς
2027 2907 2112 2970 τῷ
2139 2903 2313 2969 κέαρι·
2351 2906 2420 2957 τὸ
2445 2903 2571 2970 περί
2597 2904 2858 2970 φυλάςςει
2882 2905 2990 2958 τὸν
3011 2905 3206 2968 τόνον,

635 2974 732 3027 ὅτε
769 2971 1017 3041 ςημαίνει
1050 2973 1119 3025 τὸ
1158 2975 1454 3037 περιςςῶς,
1490 2972 1596 3034 ὁμο
1620 2986 1699 3024 ως
1733 2975 1817 3038 τῷ
1856 2970 1977 3023 «ὡς
2022 2973 2149 3037 περί
2186 2972 2288 3035 μὲν
2323 2972 2461 3025 νόον
2496 2972 2635 3037 ἐςτί,
2681 2988 2754 3025 πε
2793 2973 2810 3024 ἰ
2845 2973 2904 3025 δ’
2937 2971 3029 3039 ἱρὰ
3065 2976 3205 3026 θεοῖ-

636 3056 761 3097 ςιν»
798 3043 920 3106 (od.
956 3057 990 3094 α
1014 3042 1120 3105 66).
1194 3041 1237 3094 Ν
1275 3043 1367 3092 52:
1404 3044 1474 3107 τῇ
1512 3040 1574 3092 δέ
1609 3040 1677 3104 δὴ
1716 3037 2019 3092 αἰνότατον
2056 3039 2355 3105 περιδείδια
2392 3041 2543 3107 (περὶ
2579 2988 2788 3106 δείδιας
2813 3041 2889 3106 μή
2924 3057 2982 3093 τι
3016 3042 3202 3094 πάθω-

638 3126 765 3175 μεν;
806 3110 1022 3175 ἔφαμεν
1060 3108 1147 3161 ὅτι
1183 3108 1220 3172 ἡ
1258 3106 1387 3174 περί
1421 3108 1524 3161 οὐκ
1560 3106 1992 3172 άναςτρέφεται,
2032 3107 2128 3159 ὅτε
2166 3110 2470 3174 ςημαντικὴ
2508 3108 2742 3174 ὑπάρχει
2776 3113 2880 3161 τοῦ
2919 3114 3205 3176 περιςςῶς.

639 3179 775 3231 ibid.
814 3181 937 3229 727:
981 3176 1188 3230 οὕνεκά
1221 3191 1309 3229 τοι
1346 3178 1474 3242 περὶ
1509 3176 1657 3228 δῶκε
1695 3176 1822 3228 θεὸς
1861 3176 2139 3241 πολεμήϊα
2164 3176 2323 3242 ἐργα;
2362 3178 2433 3229 τὸ
2469 3175 2597 3243 περί
2631 3178 2756 3229 ἀντὶ
2789 3180 2893 3230 τοῦ
2921 3181 3210 3244 περιςςῶς.

636 3248 706 3300 τὸ
743 3246 805 3298 δέ
838 3245 988 3297 δῶκε
1025 3244 1427 3311 περιςπαςτέον
1463 3246 1535 3296 ef.
1574 3244 1613 3295 Β
1650 3246 1766 3296 831.
1913 3245 1950 3294 1.
1989 3248 2015 3294 1
2055 3244 2121 3295 de
2152 3246 2625 3363 Eraepositionum
2661 3247 2998 3314 synaloephe
3034 3254 3214 3314 agunt

636 3316 698 3366 hi
742 3316 876 3365 loci:
932 3315 999 3364 ll.
1036 3315 1126 3365 Pr.
1165 3311 1203 3365 C
1238 3315 1363 3364 400:
1476 3327 1523 3366 ςι
1560 3312 1717 3377 παρ’;
1759 3312 1871 3364 ἐςτι
1908 3313 2011 3375 μέν
2044 3312 2113 3363 τὸ
2181 3313 2276 3378 ξῆς
2303 3313 2453 3378 παρὰ
2475 3318 2624 3380 τῇςι,
2663 3313 2766 3366 οὐκ
2791 3314 3214 3380 ἀναςτρεπτέον

639 3383 700 3436 δὲ
736 3380 826 3434 διὰ
858 3382 968 3446 τὴν
1004 3380 1361 3446 ςυναλοιφήν.
1513 3383 1633 3432 150:
1682 3382 1817 3445 νῆας
1864 3379 1963 3432 ἐπ’
1998 3379 2314 3433 έςςεύοντο;
2363 3381 2549 3434 οὕτως
2597 3381 2696 3434 ἐπ’
2732 3381 3052 3435 ἐςςεύοντο;
3099 3382 3214 3435 οὐκ

641 3449 1047 3516 άναςτρέφεται
1091 3449 1126 3513 ή
1174 3448 1456 3515 πρόθεςις,
1504 3448 1592 3500 ὅτι
1636 3447 1980 3513 ςυνήλιπται.
2049 3447 2135 3499 διὸ
2180 3450 2270 3500 καί
2315 3448 2618 3514 ἐλέγχομεν
2664 3450 2828 3502 ἕνεκα
2875 3450 3070 3517 ἑτέρου
3117 3467 3146 3504 ς
3191 3483 3214 3493 -

643 3516 980 3585 μαινομένου
1015 3517 1121 3569 τὸν
1156 3515 1512 3583 Ἀρίςταρχον
1547 3517 1681 3567 κατ’
1717 3515 2076 3581 ἀναςτροφὴν
2099 3515 2479 3579 ἀνεγνωκέναι
2502 3518 2573 3570 τὸ
2609 3522 2852 3571 «ςτεῠτο
2886 3519 2991 3584 γὰρ
3016 3519 3167 3583 Ἡφα
3193 3551 3216 3561 -

643 3602 793 3640 ςτοιο
830 3584 963 3651 πάρ’
996 3583 1256 3648 οίςέμεν»
1293 3586 1376 3651 (11.
1405 3583 1444 3638 C
1472 3586 1610 3650 191).
1657 3584 1760 3637 οὒκ
1783 3583 2227 3650 ἀναςτρέφονται
2250 3584 2373 3651 γάρ,
2411 3584 2461 3638 εἰ
2496 3587 2569 3651 μὴ
2609 3586 2700 3639 ἐπὶ
2734 3587 2932 3640 τέλους
2968 3587 3216 3641 κέωνται

640 3656 677 3720 ἢ
714 3654 863 3719 ῥῆμα
897 3654 1119 3719 δηλῶςι.
1190 3653 1229 3706 Β
1267 3655 1322 3704 6:
1361 3652 1452 3705 ἐπ’
1490 3652 1703 3718 Ἀτρείδ
1756 3669 1767 3704 ;
1819 3653 1923 3704 οὐκ
1958 3652 2361 3719 άναςτρέφεται
2397 3654 2432 3717 ἡ
2473 3655 2752 3719 πρόθεςις·
2798 3655 2855 3707 αί
2899 3655 3006 3721 γὰρ
3048 3671 3215 3709 euva-

644 3721 972 3785 λειφόμεναι
1024 3721 1127 3772 οὐκ
1178 3721 1646 3787 ἀναςτρέφονται,
1694 3736 1720 3773 ε
1745 3736 1772 3775 ς
1818 3720 2258 3786 μονοςυλλαβίαν
2309 3722 2734 3788 περιιςτάμεναι.
2817 3724 2859 3775 Η
2901 3728 3022 3775 167:
3077 3723 3212 3776 ἐπ’;

642 3788 979 3843 ἐνθάδεούκ
1015 3788 1454 3853 άναςτρεπτέον,
1491 3789 1581 3840 καὶ
1617 3788 1703 3841 δτι
1740 3790 2112 3855 ςυνήλειπται.
2183 3789 2222 3843 C
2259 3793 2383 3842 244:
2419 3790 2621 3843 ἔλυςαν
2656 3791 2756 3856 ὑφ’
2790 3791 3044 3856 ἅρμαςινε
3083 3791 3216 3844 ἀντὶ

641 3860 745 3910 τοῦ
782 3857 1066 3911 ὑπέλυςαν
1100 3859 1220 3908 τῶν
1244 3856 1526 3923 ἁρμάτων.
1575 3858 1700 3911 πῶς
1725 3856 1827 3909 οὗν
1854 3858 1956 3910 οὐκ
1981 3858 2412 3923 ἀναςτρέφεται;
2450 3858 2537 3911 δτι
2563 3859 2935 3925 ςυνήλειπται.
3005 3859 3054 3912 Φ
3079 3862 3213 3912 588:

643 3926 707 3980 ςὺ
743 3926 795 3977 δ’
828 3924 1026 3978 ἐνθάδε
1063 3925 1282 3988 πότμον
1318 3924 1421 3989 ἐφ’
1457 3924 1636 3989 ἕψεις;
1681 3924 1870 3978 Νικίας
1905 3927 2240 3991 άναςτρέφει
2274 3927 2383 3991 τὴν
2418 3927 2697 3992 πρόθεςιν,
2735 3926 2839 3978 οὐκ
2874 3927 2954 3980 εὖ.
3024 3927 3217 3993 προεί-

641 4009 826 4059 πομεν
859 3995 919 4046 δέ
958 3994 1085 4059 περὶ
1120 3995 1239 4044 τῶν
1275 3992 1554 4045 τοιούτων
1590 3993 1914 4058 προθέςεων
1958 3993 2035 4046 ὡς
2080 3994 2148 4046 οὐ
2183 3994 2434 4047 θέλουςιν
2478 3994 2938 4060 ἀναςτρέφεςθαι·
2985 3997 3076 4047 καὶ
3121 4011 3217 4062 ςη-

647 4062 948 4127 μειούμεθα
984 4059 1300 4124 ἀναγκαίως
1337 4061 1780 4126 ἀναςτραφεῖςαν
1826 4064 1934 4127 τὴν
1975 4066 2219 4115 «ςτεῠτο
2267 4062 2374 4127 γὰρ
2409 4061 2729 4128 Ἡφαίςτοιο
2766 4062 2906 4127 πάρ’
2951 4062 3218 4128 οἰςέμεν»

647 4128 737 4195 (11.
762 4128 801 4183 C
828 4131 964 4193 191).
1021 4131 1200 4183 Schol.
1240 4129 1312 4181 ad
1346 4130 1447 4184 Od.
1473 4129 1505 4180 δ
1530 4134 1654 4182 311:
1695 4129 2008 4197 Τηλεμάχῳ
2044 4130 2106 4182 δέ
2141 4129 2393 4195 πάριζεν;
2433 4129 2532 4184 ἐὰν
2569 4130 2632 4183 ἓν
2668 4130 2833 4195 μέρος
2870 4131 3045 4194 λόγου
3081 4133 3117 4197 ᾖ
3141 4132 3216 4184 τὸ

647 4197 891 4264 πάριζεν,
928 4214 970 4250 π
1007 4197 1515 4263 οπαροξυνθὴςεται
1551 4198 1631 4250 ὡς
1665 4197 1939 4262 «Νέςτωρ
1974 4197 2045 4250 αὖ
2082 4197 2206 4250 τότ’
2230 4198 2460 4263 ἔφιζεν»
2487 4197 2544 4265 (γ
2565 4199 2706 4264 411).
2756 4198 2855 4251 ἐὰν
2890 4199 2952 4250 δέ
2986 4200 3022 4263 ή
3062 4201 3217 4265 παρὰ

647 4270 731 4333 τῷ
769 4266 957 4331 Τηλεμ
996 4281 1079 4334 χῳ
1126 4265 1513 4331 ςυντάςςηται,
1564 4268 2022 4331 προπεριςπᾶται.
2093 4266 2196 4317 οὐκ
2232 4265 2637 4332 άναςτρέφεται
2681 4266 2743 4318 δὲ
2778 4266 2813 4329 ἡ
2862 4266 3041 4332 παρά,
3088 4268 3217 4321 ἐπεὶ

649 4334 772 4385 κατ’
806 4332 1060 4399 ἔκθλιψίν
1095 4333 1255 4385 ἐςτιν.
1324 4333 1512 4386 ἄλλως
1546 4349 1611 4386 τε
1648 4335 1737 4385 καὶ
1775 4333 1936 4397 μέςος
1973 4334 2239 4387 πέπτωκε
2286 4335 2317 4386 ὁ
2353 4335 2428 4386 δέ.
2465 4364 2530 4372 -
2568 4335 2750 4387 Schol.
2789 4336 2860 4385 ad
2887 4336 2989 4387 Od.
3015 4351 3049 4401 ρ
3084 4339 3214 4387 246:

647 4401 784 4454 ἄςτυ
829 4400 986 4454 κάτ’;
1044 4400 1094 4454 εἰ
1137 4403 1228 4453 καὶ
1275 4402 1609 4467 ςυναλοιφή,
1656 4402 1809 4464 ὅμως
1854 4402 2082 4455 δύναται
2127 4402 2563 4467 ἀναςτρέφεςθαι
2608 4403 2697 4455 διὰ
2739 4403 2848 4467 τὴν
2878 4403 3217 4457 ’ὰνάπαυςιν.

650 4468 689 4522 Ε
727 4473 849 4522 191;
889 4472 1089 4522 ςτεῡτο
1123 4469 1228 4534 γὰρ
1265 4468 1587 4534 Ἡφαίςτοιο
1633 4469 1770 4535 πάρ’
1808 4468 2027 4534 οἰςέμεν
2072 4472 2237 4523 ἔντεα
2285 4470 2450 4523 καλά;
2492 4471 2844 4538 Ἀρίςταρχος
2879 4469 3218 4537 άναςτρέφει

647 4538 757 4603 τὴν
791 4537 1054 4603 πρόθεςιν
1089 4554 1131 4589 π
1168 4537 1230 4590 ὸς
1273 4538 1342 4589 τὸ
1379 4539 1454 4603 μὴ
1490 4536 1925 4603 ἀμφιβάλλεςθαι
1958 4539 2063 4591 τὸν
2106 4539 2303 4603 λόγον,
2344 4538 2521 4592 καίτοι
2554 4543 2675 4591 τῶν
2719 4541 3218 4605 ςυναλειφομένων

651 4607 725 4671 μὴ
761 4605 1117 4672 ἀναςτρεφομ
1150 4621 1295 4670 νων,
1352 4606 1430 4658 ὡς
1475 4606 1565 4657 καί
1604 4606 1986 4660 Ἀπολλώνιός
2032 4622 2221 4674 φηςιν·
2277 4607 2503 4675 ἐπείςθη
2548 4608 2609 4660 δὲ
2654 4607 2690 4671 ἡ
2737 4606 3035 4672 παράδοςις
3075 4609 3216 4674 Ἀρι-

651 4673 884 4742 ςτάρχῳ.
954 4674 1041 4728 ὅτι
1085 4673 1145 4725 δὲ
1189 4675 1279 4725 καί
1325 4674 1387 4727 έν
1429 4673 1618 4726 ἄλλοις
1662 4675 2082 4739 ἀναγνώςμαςιν
2126 4676 2158 4728 ὁ
2194 4675 2335 4741 ἀνὴρ
2379 4680 2664 4741 τοιοῦτος,
2712 4674 3061 4741 προείπομεν
3103 4678 3216 4743 ἤδη

653 4742 719 4807 (Β
757 4742 892 4808 150).
973 4744 985 4795 Ι
1023 4745 1146 4794 456:
1185 4742 1303 4795 θεοὶ
1348 4742 1405 4794 δ’
1441 4742 1687 4794 ἐτέλειον
1728 4742 1964 4807 έπαράς;
2013 4742 2128 4797 εἴτε
2176 4744 2437 4809 παρέλκει
2473 4745 2508 4808 ἡ
2563 4744 2683 4809 ἐπί,
2731 4744 3144 4811 φυλαχθήςεται
3180 4745 3217 4798 ὁ

652 4810 818 4862 τόνος
854 4810 886 4863 ό
920 4809 1094 4862 αὐτός
1130 4808 1209 4862 ὡς
1243 4809 1650 4874 «ἐπιβουκόλος
1685 4810 1869 4911 ἀνήρ»
1907 4812 2032 4875 (Od.
2055 4813 2233 4877 γ422)
2271 4813 2362 4864 καὶ
2396 4812 2864 4880 «ἐπιςμυγερῶς»
2899 4814 3053 4877 (ibid.
3078 4814 3214 4876 195).
