3664 5546
1529 389 1947 437 PRAEFATIO.
2869 389 3028 437 cclx

447 561 628 621 rum,
662 539 769 625 qui
802 539 867 601 in
902 537 1045 602 aliis
1078 540 1372 624 partibus
1405 539 1599 605 lexici
1630 565 1714 606 ex
1742 541 2041 628 professo
2072 542 2362 628 excerpti
2394 550 2576 623 sunt,
2609 543 2853 608 mentio
2888 542 3025 625 fiat,

446 663 592 704 eam
623 663 749 704 non
781 663 866 705 ex
894 641 1057 728 ipsis
1075 690 1093 722 ,
1141 640 1256 706 sed
1290 665 1372 706 ex
1402 644 1916 726 commentariis,
1950 644 2019 706 in
2050 643 2288 730 quibus
2323 666 2546 710 eorum
2579 644 3028 710 testimonium

445 744 716 807 citatum
746 743 977 824 fuerit,
1025 743 1292 829 petitam
1322 766 1465 809 esse
1497 745 1856 825 contendit,
1903 745 1972 810 id
2016 744 2195 810 nullo
2228 746 2420 812 modo
2467 745 2738 811 concedi
2783 756 3026 833 potest.

444 844 615 909 Nam
660 846 953 930 profecto
998 845 1156 909 satis
1202 847 1438 910 mirum
1482 847 1682 928 foret,
1730 848 1787 911 si
1818 847 2054 928 Orion,
2102 869 2291 933 quem
2336 851 2402 913 in
2434 848 2752 936 principio
2800 846 3027 913 literae

445 949 495 1011 Α
540 956 674 1010 tam
718 947 923 1011 multa
977 947 1256 1034 scripta,
1315 947 1593 1034 Didymi
1651 957 1717 1012 et
1761 948 2049 1015 Theonis
2106 949 2635 1037 hypomnemata,
2692 948 3027 1036 Apollonii

445 1047 930 1130 Rhematicum,
992 1051 1489 1116 commentarios
1545 1051 1612 1113 in
1670 1052 2184 1134 Anacreontem,
2254 1048 2703 1136 Sapphonem,
2770 1051 3025 1117 Aristo-

445 1149 727 1235 phanem
785 1148 1088 1216 evolvere
1139 1174 1269 1215 non
1315 1151 1596 1232 taeduit,
1657 1151 2055 1233 Herodiani,
2112 1153 2297 1218 cuius
2356 1152 2603 1236 scripta
2659 1152 2741 1218 ad
2793 1177 3024 1219 manus

443 1251 763 1335 habebat,
811 1253 1200 1317 sententiam
1243 1253 1458 1339 potius
1506 1276 1590 1317 ex
1634 1252 1780 1318 aliis
1826 1254 2121 1319 fontibus
2152 1276 2347 1342 quam
2394 1276 2477 1318 ex
2520 1256 2663 1341 ipso
2694 1257 3024 1342 petiverit.

447 1353 596 1435 Quo
641 1355 924 1434 accedit,
972 1364 1042 1418 ut
1086 1354 1500 1439 refragentur
1544 1355 1806 1420 Orionis
1853 1356 2059 1421 verba
2099 1377 2165 1443 p.
2215 1356 2274 1436 7,
2326 1355 2404 1420 10
2447 1356 2769 1438 ἀβληχρόν
2814 1366 2880 1423 et
2926 1359 3026 1439 14,

444 1456 486 1519 3
531 1457 811 1535 ἀγαυρός
857 1456 1098 1521 diserte
1142 1457 1633 1542 pronunciantis
1667 1459 1874 1524 οὕτως
1917 1457 2111 1537 εὗρον
2157 1459 2228 1525 ἐν
2272 1466 2364 1542 τῷ
2393 1461 2540 1538 περὶ
2568 1466 2793 1527 παθῶν
2824 1461 3027 1540 Ἡρω-

447 1562 673 1623 διανοῦ
730 1557 968 1643 quibus
1033 1558 1242 1622 utitur
1295 1560 1526 1639 etiam,
1594 1560 1708 1624 ubi
1763 1560 1922 1646 quin
1986 1562 2126 1645 ipse
2182 1558 2599 1624 Herodianus
2659 1561 3026 1649 exscriptus

447 1658 570 1741 sit,
639 1682 768 1726 non
836 1658 1190 1723 dubitatur.
1291 1660 1428 1725 Nec
1492 1683 1621 1724 non
1686 1661 2191 1748 Epimerismos,
2259 1684 2460 1750 quum
2525 1661 2693 1727 hanc
2748 1665 3027 1748 primam

444 1770 697 1846 partem
742 1761 1116 1841 conficeret,
1174 1761 1472 1827 manibus
1527 1784 1829 1828 versasse
1876 1764 2169 1845 videtur,
2226 1786 2424 1851 quum
2480 1763 2659 1829 dicat
2713 1788 2778 1852 p.
2826 1767 2896 1849 8,
2948 1766 3028 1830 12

445 1863 694 1929 ἀκιδνοί
741 1901 828 1911 -
882 1864 1088 1930 οὕτως
1144 1864 1536 1943 Ἡρωδιανὸς
1592 1866 1663 1931 ἐν
1718 1851 2189 1949 Ἐπιμεριςμοῗς.
2287 1865 2514 1951 Neque
2571 1865 2777 1931 solum
2830 1868 2898 1931 in
2953 1870 3024 1948 Α,

447 1965 565 2028 sed
630 1966 696 2028 in
754 1964 901 2029 aliis
970 1965 1169 2030 etiam
1220 1963 1426 2029 literis
1489 1966 1557 2029 in
1614 1989 1690 2032 ea
1747 1968 2065 2050 sectione,
2134 1990 2299 2054 quae
2357 1966 2590 2033 Sorani
2656 1969 3023 2034 notationes

443 2067 812 2153 praecedit,
861 2065 1274 2131 Herodianus
1307 2067 1400 2132 ita
1430 2068 1699 2149 citatur,
1744 2082 1817 2134 ut
1850 2070 2135 2135 dubitari
2180 2092 2308 2134 non
2336 2071 2580 2157 possit,
2628 2069 2785 2156 quin
2815 2070 3024 2157 ipsius

445 2168 682 2233 librum
737 2169 940 2235 Orion
995 2169 1375 2255 inspexerit.
1470 2169 2091 2235 Luculentissimum
2136 2171 2507 2258 exemplum
2562 2181 2662 2236 est
2705 2173 2758 2238 O
2804 2172 3024 2237 statim

444 2271 530 2335 ab
594 2271 781 2336 initio
839 2271 1030 2350 ὅρκος
1085 2295 1149 2357 p.
1200 2272 1352 2352 111,
1405 2271 1516 2353 16,
1581 2272 1696 2337 ubi
1763 2275 2097 2359 egregium
2156 2272 2522 2339 Herodiani
2585 2273 3025 2359 fragmentum

443 2373 790 2458 ipsissimis
848 2373 1069 2437 verbis
1125 2374 1252 2449 ἐγὼ
1299 2375 1401 2457 δέ,
1462 2377 1652 2455 φηςὶν
1710 2375 2135 2459 Ἡρωδιανὸς,
2191 2376 2464 2455 ἡγοῦμαι
2522 2388 2855 2441 servatum
2901 2386 3021 2458 est,

443 2474 620 2562 quod
663 2474 731 2538 in
774 2474 902 2538 fine
948 2475 1016 2537 in
1069 2474 1335 2539 brevius
1393 2485 1796 2541 contractum
1839 2476 2156 2563 repetitur
2188 2477 2356 2558 124,
2404 2477 2440 2540 7
2488 2476 2849 2542 Herodiani
2912 2500 3022 2541 no-

445 2577 620 2640 mine
664 2575 918 2655 addite,
964 2575 1132 2641 libro
1177 2576 1400 2641 tacit0.
1471 2576 1546 2640 In
1590 2577 1808 2642 fronte
1853 2577 2079 2642 literae
2113 2579 2168 2643 Ζ
2212 2587 2312 2643 est
2354 2584 2650 2661 ζαφελῶς
2694 2618 2775 2627 —-
2820 2581 3021 2659 Ἡρω-

444 2680 697 2762 διανός,
743 2677 864 2764 qui·
884 2678 1194 2743 articulus
1240 2679 1465 2765 paucis
1496 2677 1683 2742 lineis
1729 2691 1879 2765 post
1925 2680 2065 2743 sine
2109 2692 2406 2762 auctore,
2454 2680 2569 2744 sed
2617 2678 3023 2746 emendatior

444 2784 745 2847 occurrit.
836 2780 1091 2861 Quibus
1139 2779 1453 2868 exemplis
1510 2782 1690 2845 nisus
1748 2782 1946 2846 etiam
1990 2782 2057 2845 in
2101 2782 2286 2848 initio
2343 2783 2571 2848 literae
2617 2786 2675 2848 Ψ
2718 2794 2868 2870 post
2912 2785 3021 2850 οὕ-

443 2906 572 2949 τως
626 2884 697 2949 ἐν
741 2883 1174 2963 Ὑπομνήματι
1229 2888 1340 2963 τῆς
1395 2885 1656 2949 Ἰλιάδος
1711 2882 1906 2963 εὗρον
1964 2882 2227 2969 legitur:
2291 2886 2328 2951 ὁ
2385 2888 2456 2950 δὲ
2501 2886 2895 2966 Ἡρωδιανὸς
2951 2887 3022 2950 ἐν

442 2992 536 3070 τῷ
591 2987 736 3064 περὶ
789 2991 1012 3051 παθῶν
1069 3007 1218 3066 φηςι
1273 2989 1401 3050 κτλ.
1459 2994 1525 3049 et
1578 2985 1647 3048 in
1693 2988 1738 3050 Β
1784 2985 1897 3067 34,
1943 2985 1985 3050 5
2038 2988 2292 3066 βροτός·
2358 2987 2564 3053 οὕτως
2628 2988 3021 3067 Ἡρωδιανὸς

444 3089 515 3153 ἐν
560 3091 697 3152 τοῖς
741 3088 1190 3167 Ἐπιμεριςμοῖς
1243 3086 1418 3172 ipsos
1475 3086 1675 3152 libros
1722 3088 2049 3173 inspectos
2106 3110 2248 3152 esse
2300 3088 2538 3153 iudicO.
2625 3088 2863 3154 Adhuc
2908 3112 3020 3154 eos

442 3197 698 3253 tantum
740 3187 918 3254 locos
963 3187 1186 3270 attuli,
1230 3189 1300 3252 in
1345 3188 1582 3276 quibus
1615 3188 1973 3253 Herodiani
2017 3211 2250 3254 nomen
2295 3199 2408 3254 aut
2443 3190 2608 3256 libro
2639 3191 2863 3257 addito
2908 3200 3025 3256 aut

444 3291 682 3354 omisso
728 3299 978 3372 exstat3
1036 3292 1150 3356 sed
1204 3289 1512 3376 permulti
1567 3301 1719 3356 sunt
1760 3290 2018 3356 articuli
2062 3292 2130 3354 in
2182 3293 2502 3379 principio
2556 3292 2891 3357 literarum
2938 3316 3023 3358 ex

444 3391 821 3456 Herodiano
873 3392 1097 3476 petiti,
1166 3394 1319 3479 quin
1373 3403 1487 3458 aut
1539 3415 1774 3458 nomen
1824 3394 2108 3459 auctoris
2174 3403 2288 3458 aut
2355 3394 2582 3481 scripti
2649 3395 3020 3482 appositum

445 3493 560 3558 sit:
623 3493 689 3556 in
735 3496 785 3558 Α
834 3494 940 3574 12,
990 3495 1025 3557 7
1086 3495 1498 3580 ἀςφάραγον,
1553 3496 1728 3581 quod
1794 3505 2215 3581 praeceptum
2266 3489 2340 3560 in
2398 3497 2473 3561 E.
2536 3496 2710 3562 Gud.
2769 3496 2869 3578 87,
2914 3497 3021 3578 52,

443 3595 556 3659 ubi
603 3596 796 3660 etiam
840 3596 1414 3680 grammaticorum
1459 3595 1733 3661 aliorum
1774 3596 2049 3684 placita,
2106 3619 2271 3685 quae
2314 3597 2728 3663 Herodianus
2786 3598 3021 3664 afferre

442 3697 642 3778 solet,
703 3706 1035 3761 servatum
1081 3706 1206 3778 est,
1264 3698 1506 3762 diserte
1558 3697 1939 3764 Herodiano
1996 3701 2404 3784 assignatur3
2461 3700 2664 3780 αἰώρα
2720 3701 3021 3785 congruit

442 3821 592 3863 cum
637 3798 1013 3864 Herodiano
1057 3802 1203 3879 περὶ
1246 3805 1470 3865 παθῶν
1513 3800 1580 3863 in
1625 3801 1751 3865 An.
1788 3801 1915 3866 Ox.
1947 3799 2019 3863 II
2062 3801 2221 3882 338,
2266 3801 2377 3883 243
2424 3825 2487 3887 p.
2525 3802 2635 3884 15,
2684 3802 2723 3866 8
2768 3803 3019 3883 Ἀςκλη-

441 3903 589 3967 πιός
632 3909 954 3986 sumptum
1001 3909 1100 3965 est
1143 3924 1226 3965 ex
1271 3901 1632 3966 Herodiani
1679 3902 2166 3987 EpimerismiS,
2213 3912 2286 3968 ut
2330 3903 2761 3989 comperimus
2809 3925 2893 3967 ex
2935 3903 3016 3966 E.

445 4001 621 4066 Gud.
678 4002 792 4084 83,
838 4003 950 4086 51;
1009 4015 1348 4089 praeterea
1399 4027 1463 4091 p.
1515 4004 1593 4067 14
1648 4004 1925 4088 ἀνάγκη,
1980 4005 2179 4084 ἀγρός
2226 4003 2482 4069 bellatis
2539 4004 2759 4090 Epim.
2819 4003 3015 4068 Hom.

441 4103 595 4184 419,
647 4106 679 4167 1
727 4102 811 4167 ad
857 4103 1304 4170 Herodianum
1363 4104 1706 4170 referenda
1760 4116 1942 4188 sunt3
2001 4130 2065 4190 p.
2117 4107 2223 4186 11,
2277 4105 2352 4169 13
2408 4106 2761 4187 ἀφλοιςμός
2818 4105 3019 4172 οἱονεὶ

442 4206 754 4286 ἀφριςμός
799 4214 900 4270 est
942 4208 1294 4289 sententia,
1342 4229 1536 4294 quam
1578 4205 1827 4272 Herod.
1875 4207 1943 4271 in
1987 4207 2063 4272 Il.
2112 4207 2295 4272 Pros.
2344 4209 2395 4273 O
2440 4207 2561 4272 607
2609 4230 2649 4271 a
2690 4205 3016 4271 nonnullis

440 4308 841 4393 propositam
887 4307 1076 4393 dicit3
1121 4309 1343 4390 ἄμυδις
1388 4309 1690 4392 congruit
1731 4331 1878 4373 cum
1922 4307 1998 4373 Il.
2046 4308 2154 4372 Pr.
2202 4312 2215 4374 Ι
2265 4311 2336 4391 6,
2383 4311 2439 4373 Υ
2487 4309 2628 4372 114.
2717 4308 2824 4372 Ex
2866 4307 3015 4373 reli-

441 4410 585 4495 quis
640 4405 847 4473 literis
912 4432 990 4474 ea
1053 4420 1308 4476 tantum
1365 4410 1665 4492 afferam,
1734 4433 1901 4497 quae
1966 4411 2049 4477 ab
2092 4410 2472 4476 Herodiano
2519 4410 2818 4497 profecta
2872 4431 3016 4475 esse

441 4519 617 4576 certo
673 4511 1038 4578 testimonio
1094 4522 1377 4578 constat:
1443 4515 1481 4576 Γ
1524 4514 1630 4594 37,
1681 4513 1759 4576 19
1811 4515 2063 4595 γέφυρα
2118 4510 2366 4578 Herod.
2423 4534 2528 4598 ap.
2585 4512 2773 4577 Eust.
2833 4511 3013 4593 1235,

441 4611 556 4693 25,
604 4614 618 4677 Ι
668 4613 779 4693 75,
826 4613 866 4677 6
911 4615 1027 4694 ἰωή
1071 4615 1172 4678 Ε.’
1202 4615 1373 4680 Gud.
1420 4614 1565 4695 287,
1618 4615 1727 4695 10,
1785 4613 1866 4677 Ε.
1911 4614 2001 4678 M.
2047 4614 2204 4696 481,
2251 4615 2321 4695 6,
2372 4616 2420 4679 Ν
2472 4614 2613 4695 107,
2665 4614 2740 4677 17
2797 4614 3014 4695 νύμφη

440 4712 689 4778 Herod.
746 4714 965 4800 Epim.
1023 4738 1127 4802 ap.
1189 4715 1416 4783 Orion.
1468 4716 1616 4795 110,
1663 4717 1774 4798 31,
1840 4714 1987 4781 coll.
2033 4716 2156 4802 Ep.
2215 4714 2408 4782 Hom.
2455 4715 2611 4797 291,
2660 4715 2729 4796 8,
2783 4717 2847 4781 Π
2894 4715 3014 4780 128

441 4816 617 4896 πήρα
659 4815 1013 4882 Herodian.
1061 4819 1205 4897 περὶ
1248 4824 1473 4885 παθῶν
1518 4840 1622 4904 ap.
1670 4819 1962 4904 Theogn.
2009 4842 2070 4904 p.
2121 4818 2234 4900 93,
2282 4819 2324 4883 C
2374 4818 2522 4898 143,
2572 4817 2653 4880 10
2696 4809 3016 4899 ςτρυφνός

514 4952 892 4991 Ηεκουῐωενε.
931 4941 974 4990 1.
2573 4940 2610 4985 0
