3664 5546
1221 292 1380 347 ΠΕΡΙ
1421 292 1813 348 ΚΑΘΟΛΙΚΗΕ
1850 290 2271 346 ΠΡΟΕΩιΔΙΑ(
2311 291 2388 346 ΙΒ.
2959 258 3118 355 345-

495 469 567 532 ἐν
611 474 704 551 τῷ
732 466 960 531 Λυκίας
1003 465 1296 549 περίπλῳ
1336 464 1629 544 Δολίχην
1673 467 1871 542 νῆςον
1915 464 2080 542 πρὸς
2123 468 2200 548 τῇ
2230 462 2424 546 Λυκίᾳ
2462 453 2657 528 καλεῖ.
2717 463 3083 543 Ἀςτάρτη

495 574 688 648 νῆςος
734 568 805 632 ἐν
847 566 1156 650 Αἰθιοπίᾳ.
1245 566 1372 631 ἔςτι
1417 567 1520 630 καὶ
1562 566 1749 631 πόλις
1794 565 2018 645 (Συρίας
2076 566 2116 644 ἡ
2163 565 2427 654 ὕςτερον
2471 564 2922 644 Φιλαδέλφεια.
3008 565 3084 630 τὸ

494 671 713 750 μέντοι
757 669 994 748 ἑορτή
1041 667 1332 738 ὀξύνεται
1389 670 1492 733 καὶ
1545 668 1622 732 τὸ
1666 669 2047 747 παλαιςτή
2102 669 2206 731 καὶ
2251 668 2589 745 λεπαςτή
2644 666 2683 744 ἡ
2731 665 2919 731 κύλιξ.
3006 668 3084 732 τὸ

428 770 442 782 ‘
496 774 567 836 δὲ
613 771 949 850 (εβαςτή
994 769 1358 835 ἐπιθετικῶς
1399 768 1717 834 τέτακται·
1763 769 1889 833 ἔςτι
1935 770 2007 834 δὲ
2050 768 2237 834 πόλις
2281 768 2604 847 Ἀρμενίας
2648 769 2687 847 ἡ
2731 772 2851 834 νῦν
2897 767 3085 849 (εβά-
3161 797 3172 807 ·

418 930 429 938 .
498 894 666 939 ςτεια
711 872 1105 954 καλουμένη,
1153 872 1243 936 ὼς
1275 871 1690 950 Ἀλέξανδρος
1734 870 1772 934 ὁ
1818 871 2116 950 Ἐφέςιος.
2206 871 2334 936 ἔςτι
2380 872 2452 935 δὲ
2496 870 2598 935 καὶ
2641 869 2712 936 ἐν
2757 877 2833 954 τῇ
2880 869 3079 950 (αμα-
3112 884 3145 933 5

498 974 714 1055 ρείτιδι
760 974 1115 1052 πολίχνιον.
1207 972 1454 1049 λέγεται
1500 973 1603 1037 καὶ
1646 974 1684 1051 ἡ
1728 972 1895 1051 πρὸς
1937 980 2013 1057 τῇ
2063 972 2340 1056 Κωρύκῳ
2384 971 2771 1051 χερρόνηςος
2817 972 3042 1037 οὕτως.

665 1096 703 1131 σε
751 1076 846 1140 Τὰ
889 1075 979 1140 εἰς
1022 1076 1111 1153 τ’τῖ
1155 1074 1662 1153 ύπερδιςύλλαβα
1704 1074 1942 1153 ἔχοντα
1997 1075 2155 1139 κατὰ
2209 1074 2523 1139 διάςταςιν
2582 1075 2931 1154 ςύμφωνον
2979 1079 3085 1154 βα-

500 1179 787 1260 ρύνεται,
835 1176 1205 1255 Ἀλλάντη
1250 1175 1436 1240 πόλις
1483 1175 1886 1240 Μακεδονία(
1929 1177 2031 1241 καὶ
2055 1163 2416 1254 ”Αρκαδίας.
2483 1176 2871 1255 Θεόπομπος
2918 1176 2984 1240 δ’
3015 1176 3086 1240 ἐν

497 1281 737 1362 πρώτῳ
794 1278 1194 1343 Φιλιππικῶν
1244 1276 1619 1343 Ἀλλάντιον
1675 1277 1876 1356 αὐτὴν
1930 1277 2089 1342 εἶπε.
2179 1277 2556 1360 Ἀργόιντη
2609 1278 2797 1342 πόλις
2844 1277 3085 1358 Ἰνδίας,

500 1383 591 1446 ὡς
634 1380 973 1445 Ἑκαταῖος.
1062 1378 1516 1461 Ἀταλάντη,
1560 1379 1599 1458 ἡ
1647 1379 1762 1443 ὑπ’
1807 1379 2155 1457 Ἀθηναίων
2212 1383 2520 1445 κτιςθεῖςα
2575 1379 2751 1457 παρὰ
2794 1379 3082 1458 Λοκροῖς.
3123 1393 3188 1443 10

500 1482 892 1560 Θουκυδίδης
946 1480 1212 1563 δευτέρᾳ
1260 1479 1344 1563 (c.
1390 1479 1521 1566 23).
1609 1480 1735 1545 ἔςτι
1792 1481 1865 1545 δὲ
1920 1483 2128 1559 νῆςος.
2218 1484 2320 1547 καὶ
2362 1480 2525 1561 ἄλλη
2581 1480 2745 1559 πρὸς
2799 1487 2891 1565 τῷ
2934 1481 3085 1547 Πει-

501 1605 680 1664 ραιει.

668 1686 763 1750 Τὰ
807 1685 897 1749 εἰς
940 1688 1037 1764 (ἶῑῆ
1094 1684 1375 1763 λήγοντα
1429 1683 1775 1764 διςύλλαβα
1825 1684 2259 1764 προςηγορικὰ
2313 1683 2812 1765 παραληγόμενα
2856 1689 2898 1747 ἆ
2941 1683 3086 1750 ὀξύ-

502 1809 707 1869 νεῖαι,
752 1786 945 1869 ἁφή,
980 1787 1218 1869 βαφή,
1257 1786 1494 1868 ῥαφή,
1528 1787 1822 1868 γραφή,
1857 1787 2095 1868 ταφή,
2129 1787 2378 1865 (καφή
2412 1785 2488 1851 τὸ
2523 1786 2799 1868 εκάμμα,
2836 1786 3085 1866 εκάφη

500 1892 577 1955 τὸ
608 1892 845 1954 πλοῖον
890 1889 1283 1968 παρώνυμον
1316 1887 1448 1952 ἀπὸ
1481 1891 1597 1952 τοῦ
1628 1887 1873 1967 ςκάφος
1920 1889 2011 1952 ῶς
2056 1888 2311 1968 κάρφη
2359 1887 2491 1952 ἀπὸ
2521 1891 2640 1953 τοῦ
2670 1889 2936 1968 κάρφος.
2991 1887 3086 1952 Τὰ
3126 1904 3187 1955 15

502 1993 573 2055 δὲ
627 1991 811 2068 κύρια
866 1989 1235 2070 βαρύνεται,
1292 1988 1564 2068 Τάρφη
1620 1988 1805 2053 πόλις
1862 1989 2145 2068 Λοκρῶν.
2233 1989 2518 2069 Ὅμηρος
2561 1990 2637 2070 (Β
2682 1988 2837 2070 533)
2885 1989 3086 2068 «Τάρ-

500 2112 634 2172 φην
677 2112 746 2155 τε
791 2090 1071 2169 Θρόνιόν
1114 2110 1182 2154 τε
1229 2090 1548 2168 Βοαγρίου
1592 2089 1756 2169 ἀμφὶ
1800 2090 2088 2169 ῥέεθρα».
2148 2092 2398 2166 λέγουςι
2444 2090 2512 2155 δ’
2555 2090 2754 2169 αὐτὴν
2801 2090 2932 2155 ἀπὸ
2978 2094 3089 2168 τῆς

501 2194 649 2272 περὶ
707 2192 1010 2270 Φαρύγας
1064 2192 1316 2271 κρήνης.
1406 2192 1468 2256 οἱ
1522 2193 1594 2256 δὲ
1648 2193 1751 2256 καὶ
1805 2191 2006 2270 αὐτὴν
2066 2193 2168 2256 καὶ
2221 2192 2338 2256 τὸν
2392 2191 2600 2257 τόπον
2657 2192 2762 2256 διὰ
2804 2193 2921 2271 τὴν
2976 2195 3088 2268 τῆς

502 2294 656 2373 ὕλης
699 2294 1092 2372 πυκνότητα·
1136 2293 1215 2358 τὰ
1260 2293 1471 2358 πυκνὰ
1512 2293 1636 2371 γὰρ
1680 2292 1933 2373 τάρφεα
1974 2293 2259 2373 Ὅμηρος
2303 2293 2472 2368 λέγει
2522 2293 2802 2372 «βαθείης
2848 2292 3083 2372 τάρφε-

502 2417 594 2461 ςιν
641 2395 837 2474 ὕλης»
882 2393 987 2477 (IL
1034 2396 1076 2459 Ε
1118 2393 1291 2474 555).
1380 2393 1690 2474 (κάρφη
1736 2395 1923 2459 πόλις
1966 2393 2263 2475 Εὐβοίας,
2321 2395 2359 2473 ἣ
2414 2394 2736 2473 πρότερον
2782 2394 3086 2460 Ἐτεωνός
3122 2412 3192 2463 20

501 2499 805 2561 ἐκαλεῖτο.
906 2496 1173 2577 Τράφη
1238 2495 1424 2561 πόλις
1456 2495 1643 2574 ιπρός
1699 2501 1790 2579 τῶ
1847 2495 2102 2579 Πόντῳ.
2200 2497 2474 2575 Ἄμφη·
2532 2494 2741 2562 οὕτως
2797 2496 3086 2561 ἐκαλεῖτο

506 2597 737 2680 Κάςος,
782 2598 888 2677 μία
930 2603 1061 2664 τῶν
1110 2597 1484 2679 Κυκλάδων,
1531 2596 1801 2677 (ἀμφη
1846 2596 2033 2662 πόλις
2075 2596 2373 2676 Φοινίκης
2416 2599 2518 2662 καὶ
2559 2597 2639 2662 τὰ
2681 2601 2959 2663 τοιαῦτα.

669 2718 708 2755 κ
756 2699 852 2764 Τὰ
895 2699 985 2765 εἰς
1028 2703 1123 2780 ῖῖη
1167 2700 1511 2780 διςύλλαβα
1565 2699 1801 2778 ἔχοντα
1854 2700 1984 2778 πρὸ
2041 2702 2159 2763 τοῦ
2203 2704 2254 2780 (ἶ)
2313 2699 2693 2784 ςύμφωνον,
2750 2700 2948 2766 ὁπότε
3005 2702 3086 2781 μὴ

503 2803 640 2880 ἔχοι
685 2803 813 2880 πρὸ
858 2802 1085 2866 τέλους
1130 2805 1199 2884 ὃ,
1245 2802 1613 2883 βαρύνεται,
1667 2802 1960 2883 νύμφη,
2017 2802 2280 2884 ςίλφη,
2337 2802 2417 2881 ἦν
2474 2822 2639 2867 τινες
2694 2803 2929 2883 τίλφην
2987 2803 3087 2867 λε’-

502 2924 715 2986 γουςι,
781 2903 1037 2983 (ἐμφη
1115 2903 1301 2968 πόλις
1364 2905 1475 2981 τῆς
1546 2903 1704 2969 κατὰ
1770 2902 2111 2982 Εὐφράτην
2176 2904 2478 2984 Ἀραβίας.
2591 2903 2863 2984 Τύ“μφη
2930 2901 3088 2983 ὄρος
3124 2922 3191 2971 25

503 3005 964 3084 Θεςπρωτικόν.
1044 3003 1369 3085 (κίρφαι
1415 3004 1601 3070 πόλις
1644 3004 1914 3083 Φωκική.
1982 3007 2059 3070 τὸ
2105 3007 2176 3070 δὲ
2222 3004 2465 3087 ὀμφή,
2510 3005 2771 3085 μορφή
2816 3007 2946 3084 πρὸ
2989 3006 3088 3069 τέ-

505 3110 659 3173 λους
704 3108 960 3186 ἔχουςιν
1006 3108 1062 3170 ὃ.
1530 3104 1535 3115 “

670 3208 765 3273 Τὰ
825 3209 914 3273 εἰς
955 3210 1058 3289 φῆ
1105 3208 1601 3287 παραληγόμενα
1663 3214 1757 3292 τῷ
1813 3213 1852 3273 ὃ
1906 3209 1946 3287 ἢ
2000 3214 2092 3291 τῶ
2147 3206 2185 3273 ὗ
2241 3208 2716 3293 ςυνεςταλμένῳ
2775 3209 3088 3291 ὀξύνεται,

506 3310 748 3391 ὀμφή,
814 3310 1108 3391 μομφή,
1174 3310 1470 3391 μορφή,
1534 3310 1821 3393 τροφή,
1893 3310 2183 3393 ὀροφή,
2242 3311 2538 3393 τλυφή,
2606 3313 2896 3394 δρυφή,
2961 3333 3088 3377 κο-

507 3412 730 3490 ρυφή·
3126 3422 3194 3471 30

672 3511 765 3576 Τὰ
809 3512 897 3576 εἰς
940 3517 1033 3592 ’φῆ
1078 3513 1575 3593 παραληγόμενα
1619 3513 1804 3593 φύςει
1850 3519 2055 3597 μακρᾷ
2108 3515 2147 3593 ἢ
2205 3515 2300 3580 ἑνὶ
2352 3515 2676 3595 φωνήεντι
2735 3515 3091 3597 βαρύνεται,

506 3613 698 3694 (ίφη
744 3612 1026 3679 ἐπίνειον
1078 3618 1191 3692 τῆς
1235 3614 1612 3694 Θεςπιακῆς·
1673 3603 1921 3691 λέγεται
1978 3617 2079 3681 καὶ
2134 3620 2588 3696 πληθυντικῶς.
2673 3616 2969 3697 ἀγρίφη
3013 3618 3090 3682 τὸ

506 3868 777 3934 Ἀςτάρτη
816 3870 1048 3937 apposui
1085 3886 1151 3920 ex
1190 3869 1270 3923 St.
1309 3872 1392 3932 B.,
1430 3869 1498 3920 de
1535 3868 1774 3923 λεπαςτ’
1825 3872 1896 3922 cf.
1933 3872 2130 3923 Athen.
2167 3874 2293 3924 484:
2340 3870 2396 3924 οἱ
2432 3870 2534 3935 μὲν
2571 3869 2824 3924 ὁξύνουςι
2860 3870 2969 3934 τὴν
3005 3884 3092 3921 τε-

503 3936 769 3989 λευταίαν
807 3936 887 3988 ὼς
924 3935 1093 4002 καλή,
1130 3935 1183 3988 οἱ
1218 3934 1279 3988 δὲ
1318 3936 1719 4002 παροξύνουςιν
1807 3954 1836 3991 ς
1873 3939 2104 4005 μεγάλη.
2250 3941 2285 3991 l.
2325 3942 2356 3991 7
2391 3940 2535 3990 hunc
2570 3955 2833 3990 canonem
2868 3939 2988 4002 ipse
3025 3955 3092 3988 ex

504 4007 815 4057 nominibus
852 4022 886 4054 a
924 4006 1005 4056 St.
1042 4006 1103 4054 B.
1142 4004 1336 4055 relatis
1374 4008 1669 4071 composui.
1818 4006 1855 4059 l.
1897 4010 1958 4058 14
1994 4007 2149 4073 ταφή
2188 4008 2364 4058 adieci
2411 4024 2477 4057 ex
2515 4009 2617 4072 Ep.
2653 4007 2741 4055 Οι·.
2779 4006 2804 4054 1
2841 4007 2958 4067 307,
3001 4007 3088 4065 193

504 4074 575 4123 ad
612 4071 797 4138 ςκάφη
835 4074 1006 4123 verba
1042 4070 1389 4137 παρώνυμον
1424 4101 1489 4108 -
1528 4072 1743 4138 κάρφος
1789 4091 1858 4124 ex
1883 4076 2004 4140 .1·:p.
2044 4077 2132 4126 Cr.
2170 4077 2198 4125 I
2233 4077 2360 4135 291,
2403 4077 2480 4128 14.
2523 4100 2581 4109 -
2621 4071 2822 4137 Τάρφη
2871 4071 3091 4136 explevi

504 4155 571 4191 ex
609 4142 690 4194 St.
729 4143 790 4191 B.
826 4142 945 4205 606,
985 4143 1050 4190 22
1096 4140 1219 4190 coll.
1256 4142 1383 4205 65⁰,
1421 4144 1502 4192 22.
1573 4142 1681 4192 Pro
1719 4139 1915 4206 Κάρφη
1964 4143 2162 4206 scripsi
2199 4140 2430 4206 (κάρφη
2468 4158 2536 4190 ex
2574 4144 2654 4193 St.
2693 4142 2780 4197 B„
2818 4139 2963 4189 unde
3001 4155 3092 4189 ex-

504 4208 676 4273 plevi3
716 4206 917 4273 Τράφη
956 4235 1019 4243 --
1058 4205 1258 4272 (άμφη
1297 4209 1504 4275 sumpsi
1542 4226 1608 4260 ex
1646 4209 1727 4262 St.
1762 4212 1825 4259 Β.
1965 4209 1999 4258 l.
2035 4213 2100 4258 23
2137 4210 2279 4259 hunc
2317 4224 2578 4257 canonem
2617 4210 2734 4271 ipse
2773 4208 2902 4256 finxi
2939 4207 3092 4256 adhi-

504 4277 621 4326 bito
660 4282 956 4342 praecepto
994 4277 1049 4325 in
1086 4277 1187 4341 Ep.
1216 4278 1304 4327 Cr.
1327 4277 1353 4326 I
1379 4280 1496 4341 291,
1528 4280 1614 4327 12:
1652 4275 1724 4327 τὰ
1761 4274 1841 4327 εἰς
1876 4291 1958 4339 φη
1996 4275 2246 4339 λήγοντα
2271 4274 2487 4340 θηλυκὰ
2513 4274 2626 4339 πρὸ
2651 4273 2850 4325 τέλους
2888 4274 3092 4337 ἔχοντα

503 4342 573 4394 τὸ
607 4346 641 4393 ῦ
678 4343 963 4406 ὀξύνεται,
1001 4342 1213 4408 δρυφή,
1254 4343 1502 4409 κορυφή,
1539 4342 1746 4406 γλυφή.
1803 4342 1874 4394 τὸ
1910 4343 2106 4406 νύμφη
2145 4342 2469 4407 βαρύνεται,
2509 4341 2597 4392 ὅτι
2635 4341 2943 4405 ςύμφωνον
2979 4341 3092 4405 ἔχει

504 4410 573 4461 τὸ
611 4412 647 4473 fi
693 4411 805 4475 πρὸ
849 4413 953 4462 τοῦ
993 4424 1063 4475 φ’
1120 4410 1155 4474 ἢ
1203 4410 1275 4462 τὰ
1321 4410 1400 4463 είς
1445 4416 1528 4475 ᾢῆ
1576 4410 1873 4472 διςύλλαβα
1920 4410 1994 4472 μὴ
2042 4410 2245 4471 ἔχοντα
2293 4407 2405 4474 πρὸ
2448 4408 2649 4461 τέλους
2695 4412 2727 4460 ὃ
2775 4407 3090 4472 βαρύνεται,

506 4476 734 4542 Τάρφη,
774 4478 989 4544 κάρφη,
1027 4476 1224 4544 ςίλφη,
1279 4480 1352 4543 ἢν
1387 4493 1537 4530 τινες
1582 4475 1793 4542 τίλφην
1839 4476 2080 4538 λέγουςι·
2128 4477 2202 4539 μὴ
2249 4476 2454 4539 ἔχοντα
2500 4477 2612 4540 πρὸ
2657 4476 2857 4529 τέλους
2893 4480 2928 4527 ὅ
2962 4476 3090 4528 εἶπε

504 4544 593 4595 διὰ
626 4546 696 4596 τὸ
732 4545 935 4613 ὀμφιίι,ρ
960 4561 1030 4610 μο
1116 4546 1150 4612 ἡ
1189 4572 1252 4582 -
1297 4551 1355 4595 et
1400 4545 1714 4596 nominibus
1760 4545 1992 4608 propriis
2028 4560 2060 4593 a
2099 4546 2181 4594 St.
2217 4548 2281 4596 B.
2331 4544 2553 4605 relatis,
2602 4547 2695 4609 qui
2731 4545 2811 4595 de
2859 4549 3090 4594 accentu

507 4612 735 4664 diserte:
772 4612 969 4678 (ἑμφη
1007 4561 1345 4677 ιδὲΡΤύμφη.
1549 4612 1588 4664 l.
1626 4614 1691 4660 29
1730 4609 1921 4676 μορφή
1958 4612 2192 4676 apposui
2236 4629 2303 4663 ex
2341 4613 2445 4677 Ep.
2484 4612 2570 4666 Cr.
2609 4612 2642 4661 1.
2677 4630 2750 4676 c.,
2801 4612 2867 4664 de
2904 4611 3092 4677 τροφή

507 4680 576 4732 cf.
613 4681 677 4733 11.
716 4682 804 4737 Pr.
840 4681 878 4734 Ε
915 4684 1041 4745 202,
1079 4680 1266 4746 δρυφή
1304 4679 1485 4730 adieci
1522 4696 1588 4729 ex
1625 4679 1873 4743 Theogn.
1914 4679 2025 4740 118,
2063 4681 2095 4729 6
2143 4680 2214 4732 cf.
2255 4678 2317 4729 Ε.
2353 4678 2427 4728 Μ.
2465 4682 2583 4743 531,
2621 4683 2713 4743 20,
2751 4680 2855 4731 An.
2894 4680 2997 4730 Ox.
3036 4682 3092 4730 II

508 4748 625 4807 326,
661 4751 744 4799 23.
952 4748 983 4797 1.
1023 4751 1088 4799 32
1131 4746 1277 4813 (ίφη
1326 4747 1545 4812 explevi
1582 4762 1647 4797 ex
1686 4745 1880 4810 steph.
1917 4746 2076 4809 Byz.‚
2125 4746 2192 4797 de
2228 4744 2439 4812 ἀγρίφη
2486 4747 2557 4798 cf.
2595 4748 2735 4800 Lob.
2772 4747 2938 4800 Proll.
2972 4750 3090 4811 295,
