3664 5546
1173 413 1334 469 ΠΕΡΙ
1373 414 1764 471 ΚΑΘΟΛΙΚΗ(
1800 414 2222 471 ΠΡΟΕΩιΔΙΑ(
2263 416 2323 469 Η.
2920 416 3042 482 207

457 585 800 667 βλαιςός,
868 586 1196 664 Βραιςός
1269 587 1458 653 ἔθνος
1527 587 1940 652 Μακεδονίας.
2038 587 2384 664 Τραυεός
2450 586 2716 665 πληςίον
2787 587 3043 653 Κελτοῖς

455 687 673 771 ἔθνος,
741 688 856 755 οὓς
912 687 975 752 οἱ
1027 688 1330 769 Ἕλληνες
1387 690 1810 770 Ἀγαθύρςους
1866 688 2265 768 ὀνομάζουςι.
2354 688 2430 752 τὸ
2487 689 2702 768 μέντοι
2763 691 3044 755 Ναῑςος

457 791 792 869 βαρύνεται
857 791 960 855 καὶ
1022 791 1098 855 τὸ
1158 792 1487 857 Βλαῖςος
1553 792 1776 872 κύριον
1842 793 1945 857 καὶ
2008 793 2084 856 τὸ
2145 778 2471 870 Κροῖςος
2532 794 2633 856 καὶ
2703 793 3042 871 Βροῦςος

454 891 758 971 Ἠμαθίου
803 895 952 956 παῖς
995 894 1099 957 καὶ
1141 893 1217 957 τὸ
1264 893 1453 959 ἔθνος
1500 895 1900 961 Μακεδονίας
1944 894 2328 975 ὁμοφώνως.
2402 895 2570 959 τινὲς
2613 895 2685 958 δὲ
2727 894 3041 974 γράφουςι

455 994 559 1058 διὰ
601 997 720 1058 τοῦ
765 998 836 1077 ὓ,
882 995 986 1059 καὶ
1029 995 1105 1060 ,τὸ
1150 999 1423 1071 γαῑςος
1466 998 1936 1077 προςηγορικόν
1981 995 2158 1062 εἶδος
2202 997 2475 1076 δόρατος
2519 995 2613 1060 ὄν.
3067 1006 3100 1053 5

621 1096 716 1161 Τὰ
759 1095 848 1161 εἰς
893 1100 1007 1163 ἴὸἱ
1051 1097 1397 1178 διςύλλαβα
1440 1098 1676 1177 ἔχοντα
1718 1100 1848 1179 πρὸ
1893 1100 2120 1165 τέλους
2149 1101 2465 1180 ςυλλαβὴν
2510 1097 2598 1163 εἰς
2642 1097 3042 1179 ἀμετάβολον

454 1199 770 1277 λήγουςαν
817 1201 1180 1280 βαρύνεται·
1239 1200 1295 1265 εἰ
1340 1201 1410 1265 δέ
1464 1223 1521 1266 τι
1578 1201 1805 1280 εὑρέθη
1864 1200 2288 1284 ὀξυνόμενον,
2343 1204 2536 1266 τοῦτο
2595 1199 2784 1280 ὤφθη
2840 1200 2911 1265 ἐν
2965 1204 3042 1282 τῇ

453 1302 580 1380 πρὸ
636 1302 864 1367 τέλους
922 1305 1197 1386 ςυλλαβῇ
1256 1302 1412 1381 ἔχον
1456 1306 1491 1365 ἶ
1533 1304 1572 1381 ἢ
1623 1306 1679 1368 ἇ.
1768 1305 1874 1369 καὶ
1928 1304 2264 1384 βαρύνεται
2322 1305 2436 1383 μὲν
2481 1306 2710 1385 ταῦτα,
2766 1303 3042 1381 κόρςος

453 1403 491 1468 6
556 1404 913 1487 κρόταφος,
981 1405 1265 1484 μόλςος
1334 1404 1372 1469 6
1430 1406 1652 1484 δήμιος
1707 1407 1809 1470 καὶ
1865 1407 1941 1471 τὸ
1998 1407 2279 1489 ςέλινον,
2349 1407 2664 1486 μόρςος,
2733 1404 3042 1484 χέρςος,

453 1506 767 1590 θύρςος,
835 1506 1152 1590 μύρςος,
1221 1507 1541 1572 Μέλςος.
1654 1508 2054 1588 ςεςημείωται
2115 1510 2407 1586 πυρςός
2472 1507 2900 1588 ὀξυνόμενον,
2964 1506 3040 1569 τὸ
3084 1514 3144 1563 10

453 1609 708 1687 κιρςός
750 1610 855 1673 καὶ
899 1607 1128 1688 ὀρςός
1172 1610 1273 1672 καὶ
1323 1609 1610 1688 Κορςός
1654 1610 1731 1674 τὸ
1777 1609 1967 1676 ἔθνος
2009 1611 2112 1676 καὶ
2159 1610 2468 1690 Μαρςός
2513 1610 2702 1675 ἔθνος
2742 1608 3041 1672 Ἰταλικὸν

453 1710 555 1774 καὶ
607 1710 683 1774 τὸ
738 1710 1016 1789 ταρςός
1072 1712 1148 1774 τὸ
1204 1712 1676 1790 προςηγορικὸν
1734 1713 1837 1777 καὶ
1892 1715 2079 1779 πόλις
2137 1713 2420 1777 Κιλικίας.
2507 1711 2758 1790 Ταύτην
2816 1712 2886 1774 δὲ
2938 1710 3043 1774 διὰ

451 1816 567 1877 τοῦ
612 1815 645 1876 ἒ
699 1812 929 1888 ἔλεγον
984 1812 1221 1892 Τερςόν
1288 1814 1462 1892 παρὰ
1528 1815 1604 1879 τὸ
1671 1819 2115 1897 τερςανθῆναι,
2182 1815 2220 1879 ὅ
2285 1815 2448 1879 ἐςτιν
2514 1812 3039 1891 ἀναξηρανθῆναί.

452 1919 582 1979 τῶν
626 1914 749 1991 γὰρ
794 1914 1051 2004 ὑδάτων
1097 1916 1255 1980 κατὰ
1298 1917 1414 1994 τὴν
1459 1916 1720 1995 πρώτην
1767 1917 2051 1982 ςύςταςιν
2096 1916 2624 1994 προχωρούντων
2670 1914 2758 1980 εἰς
2801 1916 2876 1980 τὸ
2921 1918 3040 1979 νῦν

454 2017 736 2094 πέλαγος
781 2018 974 2097 φαςὶν
1018 2015 1466 2097 ἀναφανθῆναι
1511 2023 1735 2098 πρῶτα
1780 2019 1858 2082 τὰ
1899 2018 2178 2097 Ταυρικὰ
2222 2018 2360 2097 ὄρη.
2427 2017 2490 2081 οἱ
2536 2018 2606 2080 δέ
2652 2037 2842 2097 φαςιν
2886 2017 3040 2096 Τερ·
3083 2025 3142 2075 15

455 2119 565 2184 ςὸν
610 2119 689 2184 τὰ
732 2123 956 2198 πρῶτα
1002 2119 1106 2183 διὰ
1150 2124 1265 2184 τοῦ
1311 2122 1344 2183 ἒ
1389 2121 1700 2201 ςτοιχείου
1752 2119 2180 2200 ὀνομαςθῆναι
2224 2121 2340 2199 τὴν
2385 2120 2575 2184 πόλιν
2622 2120 2726 2184 διὰ
2770 2120 2845 2184 τὸ
2889 2121 3042 2185 τοὺς

455 2221 581 2284 ἐκεῖ
624 2222 922 2299 πρώτους
969 2223 1441 2298 ςυναγαγόντας
1493 2224 1743 2301 καρπὸν
1799 2223 2058 2301 χλωρὸν
2115 2226 2437 2306 τερςῆναι,
2494 2220 2532 2286 ὅ
2579 2222 2703 2285 ἐςτι
2755 2224 3039 2303 ξηρᾶναι,

454 2324 554 2387 καὶ
597 2323 685 2387 εἰς
728 2328 1041 2402 χειμῶνος
1086 2322 1430 2389 ἀποθέςθαι
1474 2326 1744 2405 τροφήν.
1834 2325 2178 2389 Διονύςιος
2222 2326 2293 2389 δὲ
2339 2324 2377 2387 6
2423 2324 2593 2407 Θρᾷξ
2646 2324 2715 2388 ἐν
2760 2330 2851 2409 τῷ
2896 2326 3041 2401 περὶ

455 2424 681 2489 Ῥόδου
726 2420 858 2490 άπὸ
902 2428 1013 2502 τῆς
1058 2429 1173 2491 τοῦ
1220 2426 1751 2506 Βελλεροφόντου
1795 2427 2124 2491 πτώςεως·
2171 2426 2363 2505 μέρος
2404 2426 2528 2502 γάρ
2573 2446 2630 2489 τι
2674 2429 2791 2490 τοῦ
2835 2426 3041 2489 ποδὸς

452 2528 683 2606 ταρςὸν
746 2529 1094 2609 καλεῑςθαι,
1150 2530 1260 2606 τῆς
1304 2528 1549 2593 ἐκείνου
1594 2528 1865 2606 χωλείας
1909 2528 2249 2608 ὑπόμνημα
2292 2528 2702 2607 ποιουμένων
2752 2532 2882 2592 τῶν
2927 2526 3038 2605 ’ἀρ-
3074 2534 3142 2584 ‘20

453 2629 671 2706 χαίων.
764 2629 1179 2708 Ἀλέξανδρος
1234 2632 1303 2695 δὲ
1361 2628 1399 2693 6
1443 2629 1803 2709 πολυίετωρ
1861 2631 1965 2695 διὰ
2020 2630 2095 2694 τὸ
2152 2631 2268 2695 τὸν
2313 2630 2618 2708 Πήγαςον
2660 2630 2865 2695 ἵππον
2910 2630 3041 2693 ἐκεῖ

452 2732 565 2796 τὸν
610 2731 842 2810 ταρςὸν
888 2730 1106 2796 κλάςαι
1152 2732 1254 2796 καὶ
1286 2732 1815 2812 Βελλεροφόντην
1863 2732 1932 2798 ἐν
1978 2737 2070 2814 τῷ
2116 2731 2345 2817 Ἀληῖῳ
2390 2732 2590 2816 πεδίῳ
2622 2734 3036 2811 πλανηθῆναι.

454 2833 896 2911 Ἐρατοςθένης
952 2834 1022 2898 δέ
1078 2854 1266 2913 φηςιν
1323 2835 1439 2912 τὴν
1493 2837 1707 2912 κλῆςιν
1762 2841 1838 2917 τῇ
1896 2835 2079 2900 πόλει
2138 2835 2302 2899 εἶναι
2359 2833 2491 2898 ἀπὸ
2547 2835 2710 2900 Διὸς
2773 2835 3036 2914 Τερςίου

451 2939 585 3001 τοῖς
630 2936 760 3000 ἐκεῖ
803 2935 1221 3015 καλουμένου.
1311 2936 1557 3015 Θαρςός
1602 2938 1671 3000 δὲ
1718 2937 2009 3001 ἐκαλεῖτο
2055 2938 2157 3001 καὶ
2201 2935 2466 3013 Θαρςεῖς
2517 2936 2578 3000 οἱ
2627 2937 2888 3020 Κίλικες,
2947 2938 3037 3002 ὡς

453 3037 747 3117 Ἰώςηπος
800 3038 870 3102 ἐν
928 3036 1349 3122 ἀρχαιολογίᾳ
1396 3036 1496 3119 (1,
1545 3037 1634 3121 7).
1724 3038 1849 3104 ἔςτι
1906 3039 1976 3102 δὲ
2032 3040 2133 3103 καὶ
2177 3038 2419 3117 Ταρςός
2472 3037 2633 3117 ἄλλη
2688 3043 2798 3118 τῆς
2855 3041 3033 3103 Βιθυ-
3071 3049 3136 3098 :25

451 3140 614 3222 νίας,
681 3141 760 3218 ἣν
827 3140 1242 3220 Δημοςθένης
1308 3140 1378 3204 έν
1449 3141 1728 3224 δευτέρῳ
1796 3141 2186 3206 Βιθυνιακῶν
2257 3140 2563 3217 Τάρςειαν
2629 3142 2734 3206 διὰ
2802 3144 2914 3219 τῆς
2982 3145 3035 3205 εἶ

451 3243 813 3322 διφθόγγου
860 3241 1055 3308 οἶδεν.
1146 3243 1237 3308 Τὰ
1283 3245 1354 3308 δὲ
1400 3242 1909 3323 ὑπερδιςύλλαβα
1954 3243 2191 3321 ἔχοντα
2245 3244 2373 3320 πρὸ
2419 3241 2819 3324 ἀμεταβόλου
2872 3244 2947 3309 τὸ
2994 3247 3035 3306 ἃ

440 3333 519 3408 ’ἐν
565 3351 639 3429 τῇ
684 3344 813 3423 πρὸ
858 3345 1084 3410 τέλους
1129 3349 1405 3429 ςυλλαβῇ
1459 3345 1826 3427 βαρύνεται,
1885 3346 2319 3428 Βάγαρςος,
2380 3346 2797 3425 Μάγαρςος
2850 3347 3034 3410 πόλις

455 3446 735 3510 Κιλικίας.
839 3448 1289 3526 Μαίμαρςος
1353 3449 1539 3513 πόλις
1603 3448 1905 3526 ”Ιςτρων.·
1987 3448 2396 3526 Μόκαρςος
2461 3448 2710 3530 Θρᾴκης
2777 3448 3032 3527 χωρίον.

451 3547 840 3627 Θεόπομπος
883 3550 1121 3634 πρώτῳ
1167 3554 1296 3615 τῶν
1341 3549 1755 3616 Φιλιππικῶν.
1847 3550 2114 3615 Τούτοις
2158 3550 2505 3615 ἀκολουθεῖ
2558 3552 2658 3614 καὶ
2703 3551 2777 3615 τὸ
2824 3551 3034 3626 Ἀγά·
3071 3560 3137 3611 30

451 3655 728 3729 θυρςος
782 3649 907 3714 εἴτε
963 3651 1185 3729 κύριον
1241 3650 1367 3717 εἴτε
1422 3652 1673 3718 ἐθνικὸν
1741 3652 1854 3733 εἴη.
1943 3652 2068 3718 ἔςτι
2137 3654 2207 3717 δὲ
2274 3653 2462 3718 ἔθνος
2529 3653 2849 3732 ἐνδοτέρω
2917 3657 3033 3717 τοῦ

447 3752 671 3832 Αἵμου.
751 3753 1080 3830 κέκληνται
1128 3756 1198 3817 δὲ
1243 3756 1282 3832 ἢ
1331 3754 1450 3819 ἀπ’
1496 3756 1882 3835 Ἀγαθύρςου
1936 3760 2053 3820 τοῦ
2099 3754 2485 3832 Ἡρακλέους
2538 3756 2576 3833 ἢ
2636 3756 2726 3820 ὡς
2767 3755 3032 3821 Πείςαν-

450 3859 604 3934 δρος
660 3853 791 3918 ἀπὸ
848 3859 978 3919 τῶν
1037 3854 1285 3933 θύρςων
1341 3862 1455 3921 τοῦ
1500 3858 1845 3924 Διονύςου.
1937 3858 2232 3935 λέγονται
2288 3860 2390 3923 καὶ
2435 3859 2842 3937 Ἀγαθύρςιοι.
2933 3859 3032 3921 καὶ

447 3957 522 4021 τὸ
567 3956 967 4033 Πέτορςος
1012 3956 1241 4036 Λιβύης
1286 3958 1474 4023 ἔθνος
1518 3960 1677 4038 μέγα
1722 3962 1824 4024 καὶ
1867 3961 2424 4044 πολυάνθρωπον,
2480 3962 2799 4040 Ἄορςος
2844 3959 3032 4024 ἔθνος

449 4179 617 4242 petivi
654 4194 720 4228 ex
759 4179 842 4231 St.
877 4180 970 4240 Β.,
1009 4181 1137 4230 item
1176 4178 1431 4245 Βραιςός,
1482 4180 1730 4246 Τραυςός
1767 4182 2114 4233 emendatum
2158 4185 2215 4233 in
2261 4182 2618 4232 litterarisch.
2658 4181 3033 4232 Centralblatt

453 4248 581 4297 1864
615 4249 717 4301 No,
758 4249 824 4298 50
860 4263 912 4314 p.
949 4251 1064 4298 200.
1139 4247 1359 4312 Κροῖςος
1398 4250 1588 4299 addidi
1622 4267 1685 4301 ex
1724 4252 1972 4315 Theogn.
2012 4253 2092 4304 72,
2134 4255 2196 4301 19
2234 4256 2289 4300 et
2324 4253 2405 4310 73,
2443 4253 2527 4312 28,
2567 4249 2807 4314 BpoOcoc
2846 4266 2911 4298 ex
2952 4254 3030 4301 St.

451 4315 542 4378 Β.,
577 4316 674 4365 ubi
711 4314 914 4366 diserte
953 4315 1182 4380 Βροῡςοι
1221 4315 1298 4367 ὼς
1338 4315 1552 4381 Κόλχοι.
1691 4319 1726 4369 l.
1767 4323 1829 4369 10
1866 4321 1923 4367 in
1959 4320 2024 4370 E.
2059 4319 2132 4371 Μ.
2169 4321 2296 4379 459,
2335 4321 2400 4369 39
2438 4318 2855 4383 distinguuntur
2889 4316 3029 4380 Θύρ-

449 4394 538 4433 ςος
576 4382 756 4447 ὄνομα
793 4383 1010 4448 κύριον,
1061 4383 1258 4449 θυρςός
1307 4384 1524 4448 ςτέμμα
1563 4389 1683 4437 τῶν
1723 4387 1960 4449 Βακχῶν
2009 4386 2127 4451 (pro
2162 4385 2363 4449 γάμων
2401 4387 2527 4450 scr.)
2577 4388 2735 4437 falso.
2808 4384 3028 4437 Μέλςος

450 4450 638 4501 addidi
682 4468 752 4502 ex
801 4455 881 4503 St.
923 4455 981 4504 B.
1030 4455 1159 4514 446,
1201 4456 1288 4516 16,
1336 4451 1497 4517 ὀρςός
1544 4471 1642 4520 pro
1686 4454 1851 4520 ἀρςός
1905 4455 2074 4504 Mein.
2124 4455 2194 4505 ad
2243 4457 2324 4505 St.
2370 4456 2430 4508 B.
2480 4458 2567 4516 12,
2616 4461 2647 4505 3
2694 4454 3028 4504 emendavit.

452 4514 679 4582 Κορςός,
718 4518 942 4583 Μαρςός
980 4522 1158 4572 adieci
1205 4538 1272 4572 ex
1310 4523 1387 4573 St.
1425 4523 1512 4578 Β.,
1559 4525 1705 4586 apud
1752 4538 1909 4587 quem
1953 4524 2397 4587 andronymicum
2443 4521 2667 4586 Μάρςος
2711 4539 2762 4586 p.
2800 4525 2926 4582 434,
2966 4525 3028 4572 16

451 4595 739 4648 gravatur,
778 4587 978 4650 ταρςός
1015 4597 1071 4640 et
1109 4588 1322 4654 Ταρςός
1359 4607 1425 4640 ex
1463 4590 1654 4640 eodem
1692 4596 1748 4641 et
1783 4592 2044 4641 Eustath.
2082 4592 2151 4641 ad
2185 4592 2414 4654 Dionys.
2440 4593 2555 4642 867.
2602 4592 2708 4640 Pro
2735 4589 3025 4652 Μέγαρςος

452 4657 643 4721 scripsi
679 4653 976 4719 Μάγαρςος
1014 4674 1082 4707 ex
1121 4661 1198 4709 St.
1238 4661 1298 4710 B.
1339 4665 1395 4709 et
1433 4659 1676 4724 explevi,
1717 4656 2042 4723 Μαίμαρςος
2080 4660 2311 4708 necessit
2349 4675 2415 4706 ex
2454 4663 2532 4708 St.
2560 4661 2619 4708 B.
2652 4661 2729 4720 12,
2768 4663 2826 4708 3:
2870 4656 3025 4720 Ἀγά-

451 4721 634 4785 θυρςοι
672 4723 832 4774 ἐθνος
871 4723 1152 4789 ἐνδοτέρω
1188 4729 1292 4776 τοῦ
1331 4725 1522 4790 Αἵμου.
1572 4725 1604 4776 ό
1642 4725 1812 4778 τόνος
1852 4727 2034 4790 βαρύς.
2082 4726 2154 4777 τὰ
2192 4724 2268 4777 εἰς
2304 4728 2395 4778 ς’ὃῐ
2431 4726 2576 4791 ὑπὲρ
2613 4726 2714 4776 δύο
2751 4725 3023 4788 ςυλλαβὰς

453 4786 649 4849 ἔχοντα
685 4792 796 4854 τὴν
833 4791 944 4854 πρὸ
981 4793 1180 4844 τέλους
1217 4793 1295 4845 είς
1333 4794 1683 4859 ἀμετάβολον
1720 4794 2004 4859 λήγουςαν
2042 4793 2363 4860 βαρύνεται,
2403 4794 2701 4859 Μάγαρςος
2739 4792 2900 4844 πόλις
2939 4792 3023 4844 Κι-

454 4853 649 4924 λικίας,
706 4855 1029 4922 Μαίμαρςος
1085 4861 1246 4912 πόλις
1300 4862 1549 4928 Ἴςτρων·
1611 4862 1798 4916 οὕτως
1855 4862 2185 4927 Ἀγάθυρςος
2241 4863 2331 4914 καί
2393 4863 2583 4928 κύριον
2641 4862 2730 4912 καὶ
2784 4860 3023 4912 ἐθνικόν.

457 4919 783 4991 Ἀγάθυρςος
821 4927 1042 4991 explevi
1078 4946 1145 4979 ex
1185 4931 1267 4980 St.
1307 4933 1390 4997 Β.,
1430 4930 1752 4996 Μόκαρςος,
1791 4930 2103 4997 Πέτορςος,
2142 4930 2374 4995 Ἀορςος
2418 4940 2486 4983 ex
2534 4931 2723 4982 eodem
2770 4932 3021 4996 apposui,
