3664 5546
1440 414 1856 463 PRAEFATIO.
2640 420 2935 468 LXXXVII

373 571 552 634 variis
605 568 825 633 modis
884 577 998 634 aut
1050 568 1411 636 adiectione
1465 568 1571 635 vel
1626 568 1887 634 defectu
1941 567 2277 635 literarum
2331 581 2444 636 aut
2487 575 2935 640 contractione

369 670 821 737 dissolutarum
879 670 981 736 vel
1026 671 1446 736 distractione
1490 670 1988 736 commixtarum
2041 682 2155 737 aut
2210 673 2574 740 variatione
2617 697 2931 742 consona·

368 797 500 839 rum
549 774 652 839 vel
721 772 1050 838 vocalium
1118 783 1232 839 aut
1294 771 1796 839 translocatione
1861 771 2216 839 literarum.
2319 775 2452 840 Sex
2513 776 2716 861 igitur
2781 790 2933 844 sunt

367 899 591 962 genera
646 877 1028 963 passionum
1087 875 1497 963 pleonasmus
1564 885 1630 940 et
1685 874 1962 960 ellipsis,
2030 876 2344 942 diaeresis
2411 888 2479 944 et
2543 882 2930 966 synaeresis,

365 989 564 1066 trope,
625 977 1081 1066 hyperthesis,
1137 977 1646 1065 uniuscuiusque
1702 985 1920 1041 autem
1983 980 2240 1062 generis
2304 980 2527 1044 variae
2581 993 2733 1048 sunt
2788 1006 2927 1073 spe-

363 1081 506 1146 cies.
590 1079 779 1145 Haec
836 1089 990 1144 sunt
1044 1081 1244 1164 πάθη,
1310 1101 1478 1166 quae
1531 1079 1944 1145 Herodianus
2011 1080 2080 1144 in
2144 1079 2501 1147 clarissimo
2567 1081 2676 1147 illo
2734 1107 2930 1171 opere

361 1186 493 1264 περὶ
533 1189 768 1250 παθῶν
814 1180 1204 1269 explicavit,
1264 1204 1392 1247 non
1447 1203 1552 1263 ea,
1609 1203 1775 1268 quae
1830 1181 1984 1247 olim
2030 1182 2471 1268 Goettlingius
2528 1184 2609 1249 de
2661 1198 2929 1252 accentu

358 1310 417 1372 p.
458 1285 495 1349 9
534 1284 847 1372 opinatus
904 1292 1007 1349 est
1059 1284 1128 1347 in
1179 1283 1302 1348 hoe
1355 1281 1520 1348 libro
1579 1292 1861 1348 tractata
1914 1285 2117 1349 fuisse
2160 1284 2612 1371 ἀπόςτροφον,
2670 1289 2791 1370 ὑφ’
2835 1291 2929 1373 ἕν,

362 1389 723 1471 διαςτολήν,
769 1385 850 1450 de
893 1376 1130 1473 quibus
1175 1407 1373 1472 supra
1416 1383 1574 1449 dixi.
1599 1396 1613 1407 '
1664 1384 1813 1449 Non
1858 1384 2131 1450 exclusa
2186 1386 2449 1452 fuerunt
2505 1389 2588 1453 ab
2646 1390 2928 1456 affectio-

361 1513 502 1554 num
554 1490 862 1555 doctrina
918 1488 1167 1552 formae
1220 1485 1644 1552 dialectorum
1686 1487 2023 1573 propriae,
2080 1510 2231 1552 nam
2285 1511 2676 1576 quamquam
2720 1491 2925 1556 Hero-

360 1591 579 1657 dianus
635 1591 866 1656 Dichr.
911 1590 1036 1655 288
1087 1592 1164 1655 τὸ
1207 1590 1439 1668 Ἀθηνᾶ
1480 1591 1584 1656 καὶ
1625 1593 1750 1670 μνᾶ
1793 1589 1920 1656 ἐςτὶ
1962 1592 2119 1655 κατὰ
2170 1591 2406 1674 πάθος,
2461 1593 2536 1657 τὸ
2593 1595 2663 1658 δὲ
2707 1593 2929 1661 Ἑλένα

359 1696 504 1760 κατὰ
544 1694 885 1759 διάλεκτον
932 1690 1336 1757 dialecticam
1380 1690 1989 1788 transmutationem
2033 1712 2073 1754 a
2114 1690 2532 1777 pathologica
2558 1691 2926 1780 distinguit,

361 1805 563 1860 tamen
614 1794 999 1882 saepissime
1043 1786 1745 1878 dialecticas‘species,
1791 1792 2101 1878 quoniam
2146 1791 2408 1859 dialecti
2449 1795 2812 1880 proprietas
2859 1797 2927 1861 in

358 1896 493 1983 ipsa
531 1897 717 1962 vocis
761 1896 1066 1983 passione
1107 1894 1501 1977 ostenditur,
1557 1894 1778 1979 attigit
1834 1894 1903 1957 in
1958 1893 2124 1960 libro
2181 1897 2326 1976 περὶ
2367 1902 2647 1981 παθῶν,
2686 1898 2753 1961 in
2797 1921 2924 1984 quo

358 1999 702 2085 praecipue
745 1998 946 2064 etiam
986 1996 1342 2085 lyricorum
1370 2006 1707 2083 poetarum
1736 1997 2055 2062 rationem
2084 1996 2389 2062 habuisse
2419 2019 2566 2063 eum
2598 1998 2924 2085 Bergkius

358 2101 420 2164 in
461 2099 696 2166 Philol.
741 2099 950 2165 XXII
996 2098 1037 2165 8
1081 2099 1420 2164 verissime
1464 2096 1863 2164 observavit.
1928 2098 2033 2162 De
2077 2098 2315 2164 finibus
2360 2098 2772 2185 pathologiae
2817 2103 2923 2167 de-

358 2225 472 2289 que
513 2202 893 2268 discrimine
935 2201 1341 2287 quarundam
1385 2201 1753 2267 confusioni
1795 2200 2228 2266 obnoxiarum
2271 2200 2687 2267 affectionum
2743 2203 2926 2269 velut

358 2303 662 2369 diaeresis
708 2314 775 2369 et
816 2302 1174 2390 pleonasmi
1219 2303 1328 2385 (E.
1374 2302 1465 2367 M.
1512 2302 1668 2385 614,
1713 2301 1858 2389 34),
1905 2323 2161 2368 craseos
2207 2312 2274 2367 et
2316 2326 2631 2389 syncopes
2677 2304 2786 2389 (E.
2832 2305 2920 2370 M.

357 2406 500 2487 392,
562 2407 672 2492 15)
732 2405 941 2492 deque
995 2404 1540 2492 appellationibus
1596 2405 1664 2469 in
1717 2405 2048 2490 prooemio
2103 2404 2253 2469 libri
2306 2404 2553 2470 dixisse
2604 2405 2921 2472 Herodia-

357 2530 501 2571 num
543 2516 649 2572 est
691 2515 1219 2574 consentaneum.
1308 2505 1503 2587 Quod
1546 2527 1746 2593 quum
1791 2505 2148 2588 interierit,
2193 2529 2321 2571 non
2367 2529 2921 2592 supervacaneum

356 2608 558 2675 iudico
617 2608 728 2674 hic
774 2607 855 2673 de
895 2607 1236 2674 vocabulis
1280 2608 1495 2673 dicere
1539 2607 1776 2694 quibus
1819 2606 2234 2672 Herodianus
2283 2606 2369 2672 ad
2415 2609 2597 2673 varia
2638 2609 2919 2675 affectio-

356 2733 497 2776 num
539 2733 786 2798 genera
828 2709 1200 2778 denotanda
1239 2710 1480 2792 utitur,
1537 2746 1619 2756 -
1663 2730 1816 2772 nam
1861 2709 2125 2773 nomina
2166 2711 2311 2797 ipsa
2362 2732 2491 2775 non
2534 2732 2681 2777 raro
2728 2712 2919 2797 origi-

355 2836 489 2878 nem
532 2813 1021 2880 Herodianeam
1063 2814 1348 2901 produnt
1388 2851 1473 2860 —
1517 2835 1721 2899 eaque
1765 2834 1840 2877 eo
1887 2811 2110 2878 ordine
2163 2834 2544 2899 persequar,
2603 2836 2794 2899 quem
2853 2816 2919 2878 in

353 2915 732 3001 fragmentis
778 2914 1240 3002 componendis
1283 2915 1562 2981 institui.

510 3017 782 3083 Initium
837 3017 1074 3083 faciam
1125 3040 1166 3082 a
1218 3018 1589 3105 pleonasmo
1656 3027 1721 3082 et
1777 3038 1943 3103 quae
2008 3014 2068 3081 ei
2120 3017 2447 3082 contraria
2500 3025 2601 3081 est
2663 3017 2918 3083 affectio

354 3118 569 3206 ellipsi.
668 3118 1092 3185 Pleonasmus
1147 3130 1211 3185 et
1265 3118 1512 3206 ellipsis
1558 3128 1672 3184 aut
1713 3119 1783 3182 in
1827 3118 2146 3205 principio
2191 3119 2372 3183 vocis
2417 3116 2629 3183 locum
2673 3119 2917 3186 habent

352 3230 460 3286 aut
507 3222 578 3286 in
633 3222 766 3287 fine
820 3232 934 3288 aut
988 3222 1202 3287 medio
1256 3222 1325 3285 in
1379 3219 1721 3287 vocabulo.
1821 3220 1931 3286 Ab
1986 3219 2362 3285 Herodiano
2432 3220 2592 3285 haec
2657 3219 2921 3288 diversa

353 3344 581 3407 genera
624 3348 756 3391 non
800 3333 1099 3390 accurate
1144 3324 1427 3390 discreta
1471 3332 1653 3404 sunt,
1711 3345 1862 3387 nam
1905 3345 1962 3385 e.
2008 3343 2068 3405 g.
2118 3323 2194 3386 E.
2244 3323 2333 3387 M.
2379 3321 2532 3404 621,
2577 3324 2658 3388 51
2717 3324 2916 3408 ὀλίος,

353 3427 527 3490 euius
573 3432 613 3506 Ῠ
658 3426 942 3491 medium
987 3425 1298 3491 extritum
1342 3434 1472 3506 est,
1519 3433 1853 3509 comparat
1896 3439 2041 3488 cum
2084 3424 2297 3507 'ivvoc‚
2355 3422 2528 3510 quod
2574 3448 2656 3489 ex
2698 3427 2917 3501 γίννος

355 3526 690 3615 principali
733 3533 773 3606 Ῠ
817 3527 1070 3593 abiecto
1115 3528 1318 3591 oritur
1363 3548 1570 3613 neque
1615 3526 1880 3590 nomina
1924 3525 2229 3591 distincte
2275 3524 2774 3595 discriminavit.

509 3631 614 3695 De
659 3628 1023 3695 adiectione
1051 3626 1392 3692 literarum
1435 3629 1502 3692 in
1545 3628 1864 3714 principio
1894 3626 2357 3692 vocabulorum
2388 3638 2661 3715 usurpat
2689 3651 2916 3694 vocem

353 3734 746 3814 πλεοναςμόν
781 3731 888 3815 (Ε.
919 3729 1008 3795 M.
1047 3732 1143 3812 18,
1176 3731 1258 3794 39
1289 3731 1471 3809 δοροί
1512 3732 1616 3796 καὶ
1644 3731 1803 3795 κατὰ
1831 3732 2235 3810 πλεοναςμὸν
2280 3729 2540 3814 ἄδοροι,
2578 3729 2656 3794 Ε.
2689 3731 2915 3796 Orion.

353 3833 458 3912 28,
500 3835 583 3898 27
640 3835 891 3914 κρεμών
948 3834 1047 3897 καὶ
1101 3837 1480 3916 πλεοναςμῷ
1534 3835 1651 3897 τοῦ
1706 3835 1749 3895 ’ᾶ
1803 3830 2113 3911 ἀκρεμών.
2200 3833 2538 3900 πλεονάζει
2592 3833 2667 3896 τὸ
2727 3838 2768 3895 ἆ
2826 3835 2915 3898 ὼς

354 3936 570 4015 ςτάχυς
613 3936 914 4019 ἄςταχυς,
959 3933 1040 3998 Ε.
1070 3933 1161 4000 Μ.
1202 3935 1349 4018 817,
1394 3933 1479 3998 40
1520 3935 1694 4014 παρὰ
1734 3934 1812 3999 τὸ
1856 3933 2062 4015 ἄμμος
2105 3970 2187 3981 -
2231 3935 2489 4014 ψάμμος
2533 3937 2913 4017 πλεοναςμῷ

354 4042 460 4103 τοῦ
503 4039 584 4120 ᾦ)
631 4047 698 4102 et
751 4036 1027 4103 verbum
1081 4038 1457 4104 πλεονάζειν
1502 4034 1609 4119 (Il.
1655 4034 1763 4098 Pr.
1812 4035 1865 4100 Θ
1914 4036 2033 4099 178
2078 4037 2153 4101 τὸ
2212 4036 2488 4116 βληχρόν
2547 4037 2911 4101 πλεονάςαν

353 4140 420 4204 τὸ
473 4143 516 4204 ἃ
569 4140 949 4221 ἀβληχρόν);
1006 4138 1087 4203 de
1143 4147 1485 4222 augmento
1541 4136 1909 4224 praeteritis
1966 4137 2314 4202 accedente
2381 4136 2540 4201 dicit
2592 4138 2911 4216 πρόςοδος

355 4241 428 4321 (Ν
456 4241 582 4305 543
625 4243 833 4322 ἑάφθη
877 4242 1175 4324 προςόδῳ
1218 4245 1334 4306 τοῦ
1378 4242 1440 4323 ἒ)
1484 4250 1550 4305 et
1592 4241 2008 4320 προέρχεςθαι
2040 4239 2224 4323 (Are.
2260 4240 2400 4320 197,
2432 4238 2517 4302 20
2556 4241 2632 4304 τὸ
2677 4243 2708 4303 ἒ
2754 4241 2911 4304 κατὰ

353 4343 496 4407 τοὺς
551 4343 1056 4428 παρῳχημένου(
1110 4343 1591 4422 προερχόμενον
1656 4344 1757 4408 καὶ
1821 4340 2255 4423 ἀποπῑπτον),
2318 4339 2641 4404 interdum
2706 4339 2907 4405 verbo

357 4445 720 4511 πλεονάζειν
766 4441 1033 4509 additur
1084 4445 1224 4509 κατ’
1277 4444 1481 4523 ἀρχήν
1539 4442 1646 4528 (Il.
1693 4442 1804 4506 Pr.
1851 4444 1908 4508 Υ
1955 4444 2069 4507 171
2119 4443 2207 4507 ἑὲ;
2264 4444 2303 4522 ἡ
2363 4443 2393 4506 ἕ
2436 4477 2519 4490 ·-
2564 4441 2906 4506 ἑπλεόναςε

355 4547 487 4609 κατ’
531 4546 755 4628 ἀρχήν,
804 4545 857 4610 Ω
886 4545 1010 4610 316
1055 4547 1350 4628 μόρφνον
1380 4546 1553 4624 παρὰ
1581 4547 1695 4624 τὴν
1740 4545 1994 4625 ὄρφνην
2025 4545 2498 4612 πλεονάςαντος
2526 4548 2642 4608 τοῦ
2686 4547 2728 4620 fi
2764 4545 2908 4607 κατ’

360 4643 607 4729 ἀρχήν);
660 4649 1061 4728 προςτιθέναι
1115 4647 1309 4712 etiam
1355 4646 1437 4711 de
1481 4645 1852 4732 pleonasmo
1907 4648 1972 4710 in
2015 4647 2333 4733 principio
2378 4641 2680 4709 vocabuli
2723 4665 2905 4707 usur-

359 4756 536 4828 patur
585 4747 771 4830 (Zon.
825 4749 988 4814 1540
1031 4749 1094 4814 οἱ
1133 4750 1382 4816 Αἰολεῖς
1424 4751 1671 4814 εἰώθαςι
1723 4752 2126 4829 προςτιθέναι
2183 4750 2528 4829 ςύμφωνον
2573 4746 2783 4827 ὥςπερ
2826 4748 2904 4812 τὸ

363 4846 777 4932 ἐπτερύγωμαι
833 4853 1351 4934 πεπτερύγωμαι,
1414 4849 1656 4916 Arcad.
1714 4849 1827 4932 82,
1888 4852 1920 4915 1
1985 4851 2254 4930 λαλητὸς
2317 4847 2643 4926 προςθέςει
2698 4853 2815 4914 τοῦ
2863 4854 2904 4912 ἁ
