3664 5546
1497 432 1913 479 PRAEFATIO.
2499 393 2503 400 ·
2893 428 3008 476 CXI

442 589 586 668 περὶ
615 587 891 668 ῥήματος
933 585 1014 650 Il.
1049 587 1230 652 Pros.
1271 586 1334 651 Δ
1365 586 1507 651 222.
1564 584 1774 650 Multa
1818 583 1968 648 huic
2010 581 2178 649 libro
2224 583 2593 648 communia
2632 583 2835 647 fuisse
2864 604 3012 646 cum

443 690 761 755 Prosodia
815 689 1151 755 Catholica
1203 686 1615 752 manifestum
1681 697 1813 770 est,
1878 708 2071 773 porro
2141 706 2307 773 quae
2374 684 2475 750 de
2519 682 2756 771 plurali
2811 684 2891 764 ἦν
2944 685 3014 746 in

444 793 806 877 μονοβίβλῳ
851 794 997 871 περὶ
1039 796 1155 857 τοῦ
1202 791 1282 870 ἦν
1327 788 1694 854 accuratius
1740 797 2167 875 exposuerat,
2226 789 2534 871 attigerat
2589 794 2761 851 certe
2816 785 3013 850 etiam

444 894 513 959 ἐν
570 898 707 959 τοῖς
761 894 908 972 περὶ
962 893 1256 973 ῥημάτων
1309 890 1484 955 Mon.
1531 889 1646 972 45,
1693 890 1762 967 93
1819 910 1984 976 quae
2041 888 2122 953 de
2176 887 2533 975 participiis
2587 888 2658 950 in
2700 885 3014 972 singulari

365 1021 368 1022 ⁷
443 994 612 1060 libro
669 997 815 1075 περὶ
868 1000 1159 1076 μετοχῶν
1215 991 1606 1073 tradiderat,
1663 992 1864 1056 etiam
1914 993 1979 1055 in
2025 990 2403 1055 Rhematico
2460 1011 2535 1054 eo
2592 988 2732 1054 loco
2776 988 2887 1052 ubi
2932 986 3014 1051 de
3096 1051 3103 1058 ,

444 1097 806 1183 participiis
855 1095 1199 1181 agebatur,
1245 1115 1373 1158 non
1414 1093 1783 1180 neglexisse
1829 1091 2160 1180 putandus
2205 1103 2338 1173 est3
2394 1092 2671 1177 denique
2726 1111 2891 1176 quae
2946 1089 3014 1151 in

443 1197 611 1263 libro
665 1200 810 1278 περὶ
865 1203 1172 1275 ςυζυγιῶν
1230 1195 1567 1284 explorata
1620 1204 1834 1278 erant,
1906 1194 1990 1258 ab
2054 1193 2175 1260 hoc
2229 1192 2395 1259 libro
2451 1216 2583 1258 non
2638 1190 3012 1256 secluserat.

444 1299 662 1364 Etiam
709 1320 874 1386 quae
919 1299 1003 1364 ad
1049 1299 1362 1385 syntaxin
1405 1298 1753 1362 verborum
1799 1303 2118 1382 spectent,
2176 1295 2243 1359 in
2297 1297 2419 1361 hoc
2472 1293 2640 1360 libro
2698 1292 3013 1359 contineri

447 1410 785 1465 monuerat
827 1399 1137 1465 Lehrsius
1180 1423 1244 1487 p.
1285 1399 1411 1464 419
1454 1409 1650 1485 atque
1702 1397 1828 1465 hoc
1882 1420 2110 1464 verum
2164 1419 2307 1463 esse
2351 1407 2416 1462 et
2471 1419 2555 1461 ex
2594 1398 2741 1482 ipsa
2781 1406 3017 1461 natura
3054 1447 3063 1464 ,

446 1502 637 1566 huius
680 1501 834 1567 libri
879 1501 1244 1567 doctrinam
1287 1501 1473 1566 verbi
1525 1502 1595 1564 in
1638 1521 1861 1564 omnes
1905 1509 2123 1588 partes
2178 1497 2625 1586 persequentis
2681 1495 3014 1583 consequi-

447 1612 555 1667 tur
608 1612 672 1668 et
735 1603 1052 1690 probatur
1104 1602 1180 1668 Il.
1227 1602 1414 1668 Pros.
1469 1604 1529 1667 Ψ
1570 1601 1725 1665 419:
1796 1603 1867 1668 ἐν
1933 1603 2171 1681 ἑτέροις
2238 1600 2500 1688 (quibus
2566 1599 3017 1664 Rhematicum

447 1706 796 1790 significari
839 1703 1130 1788 videtur)
1174 1707 1390 1786 μέντοι
1434 1705 1707 1770 ἐντελῶς
1750 1707 1897 1784 περὶ
1939 1709 2054 1770 τοῦ
2100 1707 2516 1785 ςχηματιςμοῦ
2573 1703 2869 1784 διέλαβον
2913 1700 3018 1765 καὶ

449 1810 593 1887 περὶ
634 1811 885 1889 γραφῆς
925 1810 1037 1885 τῆς
1079 1809 1237 1872 κατὰ
1280 1809 1395 1885 τὴν
1438 1807 1724 1889 γενικήν,
1779 1807 1949 1884 λέγω
2003 1808 2075 1871 δὲ
2127 1811 2239 1885 τῆς
2296 1805 2537 1885 δρόμου
2594 1806 2633 1884 ἢ
2679 1804 3016 1881 αἰτιατικῆς

450 1913 870 1989 πληθυντικῆς
913 1911 1025 1987 τῆς
1069 1910 1364 1989 δρόμους.

616 2009 972 2096 Equidem,
1017 2030 1097 2074 ne
1144 2007 1371 2074 eadem
1416 2008 1693 2073 diversis
1739 2007 1899 2073 loeis
1956 2009 2377 2089 iterarentur,
2438 2010 2508 2072 in
2551 2006 3014 2094 componendis

448 2111 833 2196 fragmentis
890 2112 985 2174 sic
1039 2109 1144 2196 egi
1209 2119 1283 2174 ut
1347 2109 1499 2174 huic
1553 2110 1721 2176 libro
1785 2113 1933 2191 περὶ
1997 2111 2292 2191 ῥημάτων
2355 2110 2573 2175 omnia
2636 2109 3015 2190 tribuerem,

449 2234 618 2299 quae
670 2214 740 2276 in
791 2212 1074 2276 motione
1128 2212 1314 2278 verbi
1366 2220 1744 2293 versantur,
1806 2233 1971 2299 quae
2027 2234 2183 2277 vero
2240 2211 2324 2276 ad
2381 2221 2716 2277 accentum
2760 2220 2826 2276 et
2869 2232 3015 2274 con-

447 2314 853 2398 iugationum
897 2312 1259 2378 doctrinam
1301 2316 1733 2400 pertinerent,
1779 2315 1910 2379 nisi
1953 2313 2330 2379 nominatim
2376 2311 2487 2376 alii
2533 2311 2698 2377 libro
2730 2313 3019 2399 ascripta

450 2426 698 2498 essent,
745 2414 1120 2480 Catholicae
1164 2414 1600 2500 assignarem,
1647 2438 2041 2503 quamquam
2087 2436 2342 2481 omnem
2387 2415 2648 2478 omnino
2688 2414 3017 2501 repetitio-

451 2540 601 2582 nem
643 2540 774 2582 non
819 2517 1022 2601 magis
1069 2516 1316 2582 evitavi
1360 2540 1554 2605 quam
1597 2516 2011 2582 Herodianus
2056 2517 2217 2604 ipse.

620 2618 909 2683 Plurima
950 2617 1313 2683 Rhematici
1358 2619 1727 2703 fragmenta
1770 2619 2058 2684 servavit
2113 2617 2603 2684 Choeroboscus
2648 2616 3015 2703 (Gaisford.

450 2715 610 2787 tom.
651 2719 723 2784 II
766 2743 829 2807 p.
872 2721 994 2786 467
1044 2720 1274 2801 Εχόλια
1317 2722 1428 2787 ςὺν
1472 2727 1599 2806 θεῷ
1644 2722 1731 2788 εἰς
1773 2723 1927 2787 τοὺς
1972 2722 2346 2802 ῥηματικοὺς
2388 2721 2661 2787 κανόνας
2705 2720 2835 2786 ἀπὸ
2879 2741 3017 2801 φω-

451 2827 569 2901 νῆς
627 2826 665 2888 Γ
667 2824 939 2903 εωργίου
993 2828 1109 2889 τοῦ
1168 2825 1599 2905 Χοιροβοςκοῦ
1641 2846 1848 2911 usque
1913 2823 1997 2887 ad
2053 2823 2248 2887 finem
2302 2823 2514 2908 tomi).
2602 2821 3017 2887 Gaisfordius

455 2925 621 2988 hanc
664 2935 918 3010 partem
963 2924 1297 2989 Canonum
1343 2922 1779 2990 Choerobosci
1838 2947 1921 2989 ex
1975 2923 2117 2989 cod.
2166 2924 2493 2990 Coisliano
2536 2947 2600 2988 n.
2652 2924 2793 2987 176·
2817 2923 3019 2987 edidit

453 3024 756 3092 collatam
801 3047 947 3090 cum
991 3025 1211 3091 codice
1252 3026 1690 3092 Barrocciano
1738 3026 1880 3091 116.
1968 3026 2299 3113 Excerpta
2351 3025 2657 3113 anonymi
2700 3046 3018 3110 gramma-

453 3128 677 3193 ticalia
721 3151 756 3193 e
801 3127 960 3193 Ood.
1007 3127 1275 3192 Barocc.
1327 3128 1450 3192 194
1500 3128 1614 3194 fol.
1665 3128 1785 3193 109
1828 3151 1881 3193 r.
1939 3127 2148 3194 edidit
2190 3126 2533 3192 Cramerus
2589 3127 2658 3190 in
2716 3127 2842 3191 An.
2890 3126 3016 3191 Ox.

454 3228 553 3294 IV
596 3252 661 3316 p.
713 3230 833 3294 170
874 3250 1049 3316 seqq.
1064 3276 1082 3309 ,
1137 3250 1303 3315 quae
1359 3251 1442 3294 ex
1487 3229 1712 3294 eodem
1757 3228 2207 3296 Choerobosco
2260 3230 2469 3316 petita
2524 3250 2666 3293 esse
2717 3250 2799 3293 ex
2851 3251 3019 3294 com-

456 3332 794 3418 paratione
851 3328 1288 3395 Choerobosci
1345 3331 1794 3396 Gaisfordiani
1850 3329 2196 3416 colligitur.
2281 3330 2466 3395 Haec
2521 3339 2829 3417 excerpta
2881 3331 3021 3415 ipse

453 3455 603 3496 cum
647 3432 1093 3497 Choerobosco
1140 3430 1381 3496 contuli
1428 3442 1492 3496 et
1533 3431 1649 3497 ubi
1689 3433 2075 3497 varietatem
2121 3432 2394 3498 alicuius
2444 3434 2753 3498 momenti
2797 3432 3019 3519 depre-

455 3533 680 3614 hendi,
728 3534 1055 3598 adnotavi.
1146 3533 1346 3597 Porro
1400 3534 1469 3596 in
1516 3532 1963 3600 Choerobosco
2016 3535 2315 3600 nituntur
2369 3544 2434 3600 et
2483 3535 2808 3600 nonnullis
2861 3534 3019 3599 locis

371 3716 390 3723 β
455 3636 524 3697 in
570 3634 853 3720 pleniore
909 3634 1047 3699 eius
1103 3632 1458 3721 exemplari
1512 3640 1901 3718 παρεκβολαὶ
1954 3640 2072 3702 τοῦ
2126 3640 2406 3718 μεγάλου
2458 3638 2735 3718 ῥήματος
2779 3638 2848 3703 ἐκ
2888 3644 3020 3703 τῶν

452 3738 883 3821 Ἠρωδιανοῦ,
949 3758 1221 3822 quarum
1283 3746 1534 3822 partem
1598 3737 1940 3803 Cramerus
2009 3761 2094 3803 ex
2156 3739 2296 3804 cod.
2362 3739 2573 3803 Paris.
2636 3741 2705 3804 in
2771 3738 3018 3803 Anecd.

455 3838 662 3901 Paris.
697 3837 792 3902 IV
822 3860 883 3924 p.
916 3837 1261 3902 217—239
1306 3837 1508 3903 edidit
1551 3849 1617 3903 et
1660 3861 1820 3926 quas
1850 3839 2073 3926 plenas
2117 3841 2186 3904 in
2226 3839 2438 3905 lucem
2466 3842 2645 3905 misit
2688 3862 2722 3904 e
2768 3838 3020 3905 duobus

455 3938 645 4002 codd.
692 3938 877 4004 Caesi.
925 3938 1087 4024 Reg.
1138 3937 1581 4004 Bibliothecae
1625 3940 2148 4007 Vindobonensis
2204 3941 2258 4010 Ι.
2315 3941 2381 4006 la
2422 3942 2660 4007 Roche.
2760 3942 2864 4006 De
2916 3941 3019 4005 his

455 4041 595 4104 dixi
659 4041 727 4104 in
791 4062 1066 4117 censura
1128 4040 1332 4106 libelli
1387 4064 1428 4105 a
1482 4040 1546 4106 la
1608 4042 1853 4107 Rochio
1918 4043 2078 4109 editi
2136 4044 2205 4107 in
2262 4044 2477 4109 Iahnii
2533 4041 2796 4109 Annall.
2857 4043 3021 4107 1865

457 4165 520 4229 p.
557 4142 700 4227 185„
722 4164 895 4229 seqq.
965 4142 1312 4207 Praeterea
1343 4145 1634 4209 consului
1666 4154 2000 4232 excerpta,
2045 4168 2212 4232 quae
2248 4146 2597 4211 Cramerus
2629 4144 2695 4209 in
2726 4145 2854 4209 An.
2890 4144 3016 4208 Ox.

458 4244 564 4335 111
609 4267 673 4330 p.
717 4244 843 4308 263
888 4265 1064 4331 seqq.
1142 4243 1302 4309 cod.
1348 4245 1651 4313 Barrocc.
1697 4248 1779 4310 72
1821 4247 1867 4313 f.
1912 4249 1991 4312 57
2039 4270 2091 4311 r.
2137 4247 2496 4332 evulgavit.
2562 4248 2643 4312 In
2687 4247 2786 4311 his
2832 4245 3021 4332 plura

457 4368 542 4409 ex
587 4344 959 4411 Herodiano
1005 4346 1334 4432 descripta
1374 4347 1586 4412 inesse
1630 4348 1766 4413 dixi
1816 4348 1885 4412 in
1928 4348 2160 4414 Sched.
2204 4336 2638 4437 Herodianeis
2684 4349 2865 4437 p.·4‚
2912 4370 3047 4419 ne-,

455 4469 586 4532 que
627 4457 847 4512 tamen
888 4448 1105 4511 omnia
1147 4470 1230 4513 ex
1273 4447 1649 4514 Herodiano
1694 4449 2082 4537 deprompta
2124 4460 2304 4532 sunt,
2349 4451 2466 4516 sed
2509 4453 2704 4516 etiam
2746 4473 2831 4515 ex
2873 4450 3018 4514 aliis

457 4560 526 4614 et
567 4571 650 4614 ex
693 4549 836 4634 ipso
870 4548 1317 4614 Choerobosco
1364 4572 1414 4615 e.
1445 4572 1510 4634 g.
1541 4575 1602 4637 p.
1633 4551 1787 4635 269,
1832 4552 1917 4616 26
1961 4552 2492 4619 adnotamentum
2536 4553 2618 4618 de
2662 4554 2804 4638 ἐςςί,
2848 4555 3019 4639 quod

455 4651 760 4735 congruit
801 4672 946 4714 cum
989 4651 1218 4716 Choer.
1263 4674 1328 4738 p.
1375 4653 1531 4735 851,
1588 4653 1704 4717 sed
1748 4677 1831 4718 ex
1886 4655 2175 4741 pleniore
2228 4657 2366 4721 eius
2411 4654 2766 4742 exemplari
2809 4653 3017 4720 fluxit.

456 4754 790 4821 Nonnulla
840 4756 924 4820 ad
980 4755 1164 4818 verbi
1219 4756 1578 4821 doctrinam
1634 4757 2028 4842 pertinentia
2077 4759 2404 4845 excerpsit
2469 4780 2552 4821 ex
2608 4758 2749 4843 ipso
2813 4757 3017 4821 Hero·

457 4859 656 4923 diano
701 4858 1087 4924 Eustathius
1134 4856 1215 4943 (e.
1247 4880 1309 4943 g.
1341 4860 1444 4940 61,
1489 4858 1592 4943 21,
1638 4858 1752 4921 ubi
1794 4859 2151 4925 Herodiani
2194 4883 2427 4925 nomen
2470 4859 2768 4925 additum
2812 4868 2911 4924 est
2953 4870 3020 4929 et
