3664 5546
611 302 695 365 66
1551 300 1633 354 ΕΚ
1672 300 1811 354 ΤΩΝ
1857 299 2268 354 ΗΡΩΔΙΑΝΟΥ

612 474 684 537 δὲ
728 472 847 537 κάκ
888 476 1019 538 τῶν
1065 471 1430 537 διαλέκτων.
1522 472 1837 551 ὑψιπέτας
1893 472 2017 550 γὰρ
2073 471 2299 549 εὑρέθη
2355 471 2514 535 κατὰ
2568 469 2814 548 τροπὴν
2872 472 2989 533 τοῦ
3034 472 3071 547 ἦ
3117 469 3206 533 εἰς

611 578 686 657 ᾶ,
733 575 896 653 ὅπερ
940 578 1114 654 ζητεῖ
1156 576 1257 639 καὶ
1301 575 1339 651 ἡ
1387 575 1574 639 κλίςις
1620 576 1722 639 καὶ
1753 576 1792 654 ἡ
1839 576 2060 654 βαρεῖα
2104 574 2302 637 τάςις·
2357 574 2523 637 τινες
2580 572 2797 651 μέντοι
2856 571 3206 651 ἐτόλμηςαν

612 679 703 742 ὡς
747 677 822 741 τὸ
871 681 1088 756 «τιμῆς
1133 676 1381 742 ἔςεται»
1442 676 1649 741 οὕτως
1703 676 2077 755 ὑψιπετήεις
2138 676 2467 755 ὑψιπετῆς.
2558 673 2712 738 ἀλλ’
2769 674 2873 738 ἐπὶ
2930 675 3044 753 μὲν
3090 678 3208 738 τοῦ

609 783 787 858 τιμῆς
833 778 1105 858 εὕρομεν
1151 779 1526 861 αἰτιατικήν,
1582 778 1717 857 ἥτις
1764 778 2047 844 ἑδίδαςκε
2091 779 2167 843 τὸ
2213 781 2322 856 τῆς
2383 776 2628 841 εὐθείας
2674 775 2900 840 πάθος.
2990 776 3091 839 ἐπὶ
3133 777 3206 840 δὲ

550 891 581 940 5
611 885 728 945 τοῦ
774 882 1088 961 ὑψιπέτης
1134 881 1327 946 οὐδὲν
1372 881 1644 961 εὕρομεν
1690 885 1983 964 τοιοῦτο,
2029 882 2214 945 ἔνθεν
2261 878 2629 957 ἐπείςθημεν
2674 884 2766 963 τῷ
2810 878 3206 961 Ἀριςτάρχῳ.

779 1007 816 1042 ιε
865 983 958 1047 Τὰ
1014 983 1100 1046 εἰς
1157 987 1273 1061 γης
1330 983 1491 1062 ὑπὲρ
1549 983 1694 1064 μίαν
1742 985 2058 1064 ςυλλαβήν
2118 981 2483 1064 βαρύνεται,
2539 981 2963 1059 Ποδάργης
3019 979 3209 1045 ἔθνος

612 1086 896 1169 Θρᾴκης,
943 1086 1438 1165 Τεκτοςάγης
1487 1087 1676 1150 ἔθνος
1724 1087 1763 1149 Γ
1765 1087 2096 1150 αλατικόν’
2157 1085 2246 1150 ὡς
2301 1084 2424 1162 γὰρ
2475 1083 2900 1147 Καππάδοκος
2950 1084 3205 1147 Καππα-

611 1187 834 1269 δόκης,
891 1186 1063 1251 οὕτω
1120 1189 1513 1262 Τεκτόςαγος
1549 1188 1980 1266 .Τεκτοςάγης.
2074 1186 2452 1264 Εαννίγης
2510 1186 2699 1250 ἔθνος
2757 1184 3017 1250 (κυθίας
3071 1187 3209 1248 τοῖς

611 1289 940 1370 Ἀβαςγοῑς
984 1290 1467 1369 παρακείμενον.
2487 1357 2491 1363 ,

511 1397 574 1447 10
780 1390 873 1456 Τὰ
931 1390 1017 1456 εἰς
1064 1378 1182 1471 δη-ς
1230 1393 1686 1472 πατρωνυμικὰ
1744 1394 1783 1470 ἢ
1846 1393 1936 1456 ὡς
1995 1392 2447 1472 πατρωνυμικά
2506 1391 2872 1473 βαρύνεται,
2926 1389 3206 1469 Πηλεί-

612 1499 778 1576 δης,
823 1494 1249 1577 Ἀτρείδης,
1300 1496 1707 1576 Κρονίδης,
1755 1494 2259 1573 Θουκυδίδης.

780 1595 1004 1662 Ἰςτέον
1050 1598 1121 1659 δὲ
1167 1596 1263 1661 ὅτι
1309 1597 1388 1661 τὰ
1434 1596 1522 1661 εἰς
1568 1585 1692 1676 δῖε
1726 1596 2180 1676 πατρωνυμικὰ
2223 1596 2262 1674 ἢ
2304 1596 2512 1660 τύπου
2543 1598 3034 1675 πατρωνυμικοῦ
3079 1596 3206 1674 πρὸ

609 1684 796 1761 τοῦδ
841 1697 971 1775 ἔχει
1027 1698 1067 1775 ἢ
1103 1699 1199 1761 .τό
1246 1702 1286 1761 ἆ
1330 1700 1370 1777 ἢ
1414 1700 1490 1763 τό
1537 1703 1583 1763 ῖ.
1671 1701 1746 1765 τό
1794 1700 1909 1778 μὲν
1954 1702 1997 1761 ἃ
2043 1697 2187 1762 οἷον
2235 1698 2591 1782 Ἰλιάδης,
2652 1698 3207 1777 Μενοιτιάδης,

609 1798 1008 1882 Πυλάδης,
1065 1800 1583 1882 Ἀλκιβιάδης·
1661 1801 2125 1881 Μιλτιάδης,
2191 1800 2565 1880 Δημάδης
2631 1801 2699 1865 ἐκ
2769 1804 2885 1865 τοῦ
2950 1800 3206 1880 Δημεά-

513 1910 572 1959 15
609 1906 749 1981 δης·
819 1901 1237 1980 Ἀργεάδης
1303 1903 1342 1966 ὁ
1409 1903 1721 1981 Ἀργεῖος·
1786 1903 2213 1985 Δειράδης,
2280 1902 2407 1982 ἀφ’
2464 1902 2544 1967 οὗ
2616 1906 2815 1982 δῆμος
2871 1902 3207 1984 Δειράδες,

608 2004 1176 2082 Δολογκιάδης
1252 2004 1313 2068 οἱ
1384 2005 1715 2081 Δόλογκοι
1789 2004 1979 2069 ἔθνος
2053 2005 2331 2087 Θρᾴκης·
2409 2005 3068 2084 Ἐνδυμιωνιάδης
3145 2006 3208 2067 οἱ

608 2106 872 2187 Ἐπειοί,
930 2106 1291 2184 Ἠλιάδης
1349 2106 1386 2170 ὁ
1441 2107 1722 2189 Ἠλεῖος,
1783 2106 2339 2184 Βερενικιάδης
2394 2107 2432 2170 ὁ
2488 2106 2886 2189 Βερενικεύς,
2944 2107 3206 2184 Παρο-

607 2206 1094 2287 πανιςςάδης
1139 2207 1202 2271 οἱ
1245 2207 1716 2293 Παροπανίςςῳ
1761 2208 1897 2287 ὄρει
1954 2208 2209 2286 Ἰνδικῆς
2265 2215 2742 2287 παροικοῦντες.
2832 2208 3206 2289 Εκυμνιά-

610 2314 750 2389 δης
794 2310 984 2373 ἔθνος
1029 2309 1143 2373 ςὺν
1192 2310 1419 2375 Γέταις.
1494 2310 1770 2378 Εὔδοξος
1814 2310 2080 2395 τετάρτῃ
2124 2315 2241 2389 γῆς
2285 2312 2594 2391 περιόδου
2641 2311 3060 2391 «Εκυμνιάδαι
3107 2313 3209 2375 καὶ

507 2419 575 2466 ‘2⁰
612 2412 846 2476 Γέται».
939 2410 1327 2476 Βουτάδαι
1375 2416 1574 2491 δῆμος
1620 2416 1730 2490 τῆς
1772 2412 2071 2491 Αἰγηΐδος
2117 2416 2326 2493 φυλῆς
2386 2413 2516 2479 ἀπὸ
2565 2410 2814 2479 Βούτου
2872 2417 2990 2478 τοῦ
3031 2414 3207 2478 Παν-

610 2513 871 2578 δίωνος·
919 2513 1213 2588 λέγονται
1259 2514 1381 2592 γὰρ
1427 2518 1613 2593 δῆμοι
1659 2519 2176 2594 πατρωνυμικῶς.
2254 2516 2643 2594 Ἐροιάδαι
2691 2520 2891 2595 δῆμος
2934 2519 3045 2594 τῆς
3088 2514 3206 2579 Ἱπ-

610 2614 1056 2680 ποθοωντίδος
1118 2619 1345 2696 φυλῆς.
1447 2616 2011 2695 Ἱπποταμάδαι
2072 2621 2179 2695 τῆς
2239 2617 2570 2700 Οἰνηῖδος,
2631 2617 3037 2697 Κειριάδαι
3097 2622 3207 2697 τῆς

609 2709 1177 2801 Ἱπποθοωντίδος,
1235 2718 1614 2784 Λακιάδαι
1671 2722 1781 2797 τῆς
1828 2718 2144 2800 Οἰνηῖδος.
2233 2720 2754 2801 Παμβωτάδαι
2810 2721 3208 2801 Ἐρεχθηῒδος

611 2824 838 2903 φυλῆς.
884 2820 1207 2902 Ὑβάδαι
1252 2823 1418 2887 τινες
1463 2823 1580 2886 τὸν
1627 2827 1830 2902 δῆμον
1882 2822 2142 2903 «Ὕβα»
2192 2824 2504 2899 λέγουςιν.
2566 2824 2976 2888 Οἰνειάδαι
3021 2823 3207 2888 πόλις

506 2930 574 2980 25
609 2923 1022 3002 Ἀκαρνανίας
1088 2925 1252 3002 πρὸς
1318 2930 1409 3007 τῷ
1477 2925 1773 3008 Ἀχελῴῳ
1841 2925 1877 3002 ἡ
1946 2925 2048 2989 καὶ
2119 2925 2428 3004 Ἐρυςίχη·
2495 2925 2619 2990 ἔςτι
2686 2926 2788 2990 καὶ
2853 2928 3038 3005 ἑτέρα
3097 2928 3210 3003 τῆς

612 3025 866 3091 Οἰταίας
911 3026 1096 3090 πόλις
1141 3025 1480 3092 Οἰνειάδαι.
1568 3026 2169 3105 Πατριαργάδαι
2214 3027 2415 3092 τόπος
2459 3028 2785 3106 Περςικός.
2852 3027 2915 3092 οἱ
2960 3027 3206 3105 οἰκήτο-

612 3148 717 3207 ρες
763 3127 1002 3208 ὁμοίως
1045 3129 1543 3208 Πατριαργάδαι.
1631 3128 2150 3206 Παςαργάδαι
2197 3130 2383 3194 πόλις
2427 3130 2719 3208 Περςική.
2800 3129 3205 3195 Ἀπολλόδω-

612 3250 726 3307 ρος
770 3229 1114 3307 ἀρςενικῶς
1159 3251 1382 3312 φηςιν,
1440 3234 1728 3309 θηλυκῶς
1788 3232 1859 3294 δὲ
1904 3229 2213 3309 Διότιμος
2260 3231 2330 3294 ἐν
2377 3233 2690 3315 ἑξηκοςτῷ
2734 3232 3002 3316 πέμπτῳ
3046 3252 3203 3296 παν-

610 3336 917 3398 τοδαπῶν
991 3332 1509 3411 ἀναγνωςμάτων
1584 3332 2087 3410 παρατιθέμενος
2161 3333 2564 3412 Ἀναξιμένην
2640 3334 2710 3397 ἑν
2784 3335 3207 3412 μεταλλαγαῖς

510 3441 579 3493 30
616 3434 923 3514 βαςιλέων
971 3434 1143 3500 οὕτω
1187 3434 1526 3515 γράφοντα
1573 3434 1717 3498 «τὰς
1763 3436 1830 3497 δὲ
1877 3435 2304 3512 Παςαργάδας
2348 3436 2588 3500 ἔκτιςεν
2634 3436 2672 3499 ὁ
2722 3437 2923 3515 Κῦρος
2967 3436 3082 3516 ἐφ’
3127 3435 3206 3499 οὗ

529 3541 532 3550 “
610 3536 818 3600 τόπου
891 3537 1416 3628 παραταξάμενος
1490 3536 1831 3614 Ἀςτυάγην
1906 3536 2202 3614 ἑνίκηςεν.
2313 3536 2691 3617 ὀνομάζεται
2766 3541 2835 3602 δὲ
2908 3538 2947 3616 ἡ
3023 3539 3206 3608 πόλις

867 3709 1014 3718 -——--——-

754 3812 788 3864 l.
826 3814 857 3860 6
895 3828 1160 3863 canonem
1199 3812 1265 3862 de
1306 3810 1684 3876 plilrisyllabis
1727 3811 1783 3860 in
1819 3815 1923 3873 γης
1967 3809 2098 3859 finxi
2145 3815 2370 3876 propter
2413 3811 2715 3877 Ποδάργης
2764 3813 2845 3866 St.
2882 3815 2946 3863 B.
2993 3814 3118 3874 530,
3158 3814 3206 3872 7,

614 3880 686 3930 ad
725 3896 884 3945 quem
922 3881 1100 3931 locum
1135 3880 1378 3931 Meinek.
1416 3878 1619 3928 «huius
1655 3879 1840 3943 gentis
1876 3879 2131 3929 notitiam
2170 3879 2486 3945 Stephanus
2523 3883 2641 3930 sive
2679 3880 3049 3946 interpolator
3085 3882 3199 3930 Ste-

613 3949 782 4014 phani
822 3966 890 3999 ex
925 3948 1265 4010 Herodiano,
1300 3947 1653 3998 Herodianus
1690 3963 1754 3996 ex
1791 3948 2080 3997 Hecataeo
2118 3949 2346 4012 petiisse
2384 3949 2622 4000 videtur.
2678 3949 3031 3999 Herodianus
3069 3965 3207 3997 eom-

610 4025 1041 4077 memoraverat,
1098 4021 1159 4066 ut
1204 4016 1423 4081 opinor,
1481 4015 1649 4066 tertio
1701 4017 1804 4078 τῆς
1853 4012 2165 4075 καθόλου»;
2224 4014 2577 4081 Τεκτοςάγης
2616 4033 2683 4066 ex
2721 4020 2804 4068 st.
2844 4020 2905 4072 Β.
2953 4019 3080 4074 611,
3124 4019 3206 4077 23,

614 4083 886 4150 (αννίγης
933 4089 1057 4146 555,
1095 4088 1155 4138 4.
1201 4084 1308 4133 hue
1355 4083 1649 4134 referenda
1696 4091 1822 4134 sunt
1868 4086 2033 4134 etiam
2081 4082 2333 4149 Τενάγης
2374 4084 2679 4148 Ἀςτυάγης
2724 4101 2812 4150 ap.
2862 4086 2997 4135 Lob.
3043 4083 3206 4136 Proll.

615 4172 730 4220 305.
779 4172 960 4222 Unum
997 4172 1054 4219 in
1082 4173 1180 4233 βης
1219 4168 1379 4218 omisi
1416 4174 1644 4234 propter
1678 4175 1970 4219 accentum
2009 4167 2210 4218 falsum
2250 4167 2520 4234 Ἐντριβαί
2557 4169 2719 4222 ἔθνος
2756 4167 2994 4237 Θρᾴκης.
3060 4168 3205 4223 Ἐκα-

611 4241 768 4290 taio(
806 4236 1051 4303 Εὐρώπῃ
1092 4237 1238 4302 quod
1275 4238 1442 4288 Mein.
1481 4238 1596 4288 iure
1639 4235 1907 4302 Ἐντρίβαι
1945 4238 2295 4288 scribendum
2331 4240 2665 4305 suspicatur.
2873 4237 2907 4289 1.
2949 4242 3013 4288 10
3048 4245 3105 4287 et
3145 4241 3201 4288 11

615 4322 879 4357 canonem
915 4308 1191 4356 intactum
1227 4304 1453 4370 reliqui,
1493 4312 1553 4355 ut
1600 4308 1668 4356 ab
1706 4307 1942 4357 Arcadio
1987 4305 2229 4383 treditus
2268 4313 2383 4377 est,
2422 4323 2543 4358 eum
2591 4324 2696 4372 quo
2744 4306 2998 4372 congruit
3034 4308 3204 4356 Hero-

614 4391 811 4441 dianus
849 4393 905 4440 in
940 4390 1145 4441 Anecd.
1182 4391 1361 4443 Paris,
1397 4390 1482 4441 ΙΙΙ
1516 4392 1634 4454 299,
1674 4395 1765 4442 33;
1804 4390 1877 4442 τὰ
1914 4389 1991 4442 είς
2029 4392 2128 4456 δης
2167 4391 2572 4456 πατρωνυμικὰ
2609 4392 2643 4455 ἢ
2682 4390 2761 4445 ὡς
2798 4390 3206 4455 πατρωνυμικὰ

614 4459 942 4524 βαρύνεςθαι
967 4457 1141 4518 θέλει,
1181 4455 1265 4508 ὧν
1290 4458 1381 4509 καὶ
1406 4459 1599 4523 γενικὴ
1626 4457 2026 4524 ἀπρόςληπτος
2050 4463 2154 4512 τοῦ
2182 4463 2235 4524 ς’,
2279 4459 2563 4526 Κρονίδης,
2590 4459 2893 4525 Πηλείδης,
2910 4533 2919 4538 „
2936 4458 3204 4525 Κλυτίδη(

613 4553 736 4609 ιρι-ο
772 4540 1101 4609 Πλυτίδης),
1143 4542 1441 4608 Ἀτρείδης.
1480 4543 1837 4608 Ἡρωδιανὸς.
2029 4547 2308 4596 Cimonem
2344 4546 2410 4596 de
2450 4546 2633 4598 vocali
2669 4547 2874 4598 exitum
2911 4533 3011 4611 δης
3050 4561 3205 4611 prae-

613 4613 846 4662 cedente
892 4613 1175 4678 composui
1221 4612 1439 4662 collatis
1485 4614 1681 4665 Choer.
1721 4614 1868 4665 Dici.
1906 4630 1958 4679 p.
1993 4615 2089 4678 48,
2135 4615 2385 4678 Theogn.
2436 4631 2486 4680 p.
2522 4617 2590 4665 46
2636 4620 2693 4664 et
2738 4616 2802 4665 Ε.
2842 4616 2915 4668 Μ.
2958 4618 3083 4676 165,
3121 4615 3203 4674 39,

613 4682 708 4745 qui
743 4681 999 4744 congruit
1038 4682 1153 4730 fore
1189 4696 1312 4730 eum
1348 4680 1487 4731 libro
1523 4681 1650 4746 περὶ
1677 4679 1994 4747 ποςότητος
2021 4682 2110 4732 Cr.
2134 4684 2236 4733 An.
2265 4685 2365 4731 Ox.
2394 4684 2447 4733 11
2473 4686 2603 4745 299,
2640 4683 2848 4734 additis
2874 4683 3203 4733 nominibus.

615 4763 756 4866 3:¹3¹:ng
778 4765 828 4864 ga
866 4749 1147 4814 Stephano
1185 4749 1363 4799 relata
1399 4756 1547 4799 sunt.
1703 4749 1736 4798 l.
1777 4752 1839 4799 14
1876 4749 2143 4817 Δημάδης
2184 4750 2365 4800 adieri
2402 4768 2465 4801 ex
2506 4752 2710 4805 Herod.
2752 4752 2805 4801 in
2844 4753 2944 4802 Au.
2987 4751 3091 4801 Ox.
3131 4751 3238 4803 IV.

699 4837 741 4878 t,
816 4854 828 4864 .
