3664 5546
1204 443 1363 497 ΠΕΡΙ
1405 443 1799 499 ΚΑΘΟΛΙΚΗ(
1834 442 2255 497 ΠΡΟΕΩιΔΙΑ(
2296 443 2376 495 ΙΖ.
2945 442 3070 505 467

478 615 553 678 τὸ
624 613 1109 692 ἐγρήγορθαι
1177 612 1322 677 οἷον
1401 613 1828 692 «ἐγρήγορθαι
1895 613 2176 691 ἄνωχθι»
2244 612 2323 693 (Κ
2397 610 2540 692 67),
2606 611 2703 675 ὅτι
2770 632 3068 691 παρακει-

477 717 675 796 μένου
750 715 835 795 ,ὂν
901 716 1484 793 προπαροξύνεται·
1540 716 1700 794 περὶ
1754 713 1836 779 οὗ
1891 714 2059 780 ἔςτιν
2126 714 2360 797 εἰπεῖν,
2427 714 2524 780 ὅτι
2587 713 2883 778 Αἰολίδος
2949 714 3075 778 ἐςτὶ

479 819 813 883 διαλέκτου
858 817 961 881 καὶ
1004 816 1242 880 τούτου
1288 816 1473 895 χάριν
1520 816 1848 897 ἀνεβίβαςε
1891 818 2008 882 τὸν
2052 817 2280 882 τόνον·
2344 815 2405 880 οἱ
2457 817 2580 894 γὰρ
2625 815 2874 881 Αἰολεῖς
2917 816 3070 881 ἀνα-

368 979 379 987 .
479 920 819 1001 βιβαςτικοὶ
871 921 1003 982 τῶν
1067 918 1283 982 τόνων
1346 917 1469 982 εἰςί.
1557 920 1633 983 τὸ
1688 919 1811 996 γὰρ
1870 919 2124 997 Ἀτρεύς
2179 919 2442 997 Ἀτρευς
2510 918 2763 994 λέγουςι
2833 919 2936 983 καὶ
2993 918 3070 981 τὸ

382 1048 389 1055 ·
476 1021 732 1101 Πηλεύς
774 1016 1045 1099 Πήλευς.
1089 1054 1176 1065 -
1218 1020 1578 1097 πρόςκειται
1622 1019 1693 1085 ἐν
1737 1021 2098 1105 τῷ,κανόνι
2144 1019 2397 1085 ἁπλοῦν
2443 1018 2548 1083 διὰ
2590 1021 2667 1084 τὸ
2718 1020 3070 1085 κατάκειται
3106 1028 3138 1077 5

475 1126 1011 1204 κατακεῖςθαι,
1056 1121 1317 1198 κάθηται
1363 1127 1751 1201 καθῆςθαι.

648 1248 686 1285 ιι
728 1223 1035 1303 Ὅςαςείς
1080 1210 1188 1289 θᾶἷ
1228 1225 1406 1302 λήγει
1437 1224 1870 1304 ἀπαρέμφατα
1913 1225 1994 1303 μὴ
2040 1223 2184 1288 κατ’
2226 1222 2490 1288 Αἰολίδα
2532 1223 2901 1307 διάλεκτον,
2944 1223 3070 1302 τρί·

478 1350 593 1408 την
639 1328 770 1393 ἀπὸ
816 1328 1044 1415 τέλους
1089 1326 1326 1405 ἔχοντα
1369 1328 1483 1405 τὴν
1531 1325 1778 1409 ὀξεῖαν,
1823 1328 2002 1406 φιλεῖ
2044 1327 2174 1404 πρὸ
2218 1330 2337 1391 τοῦ
2375 1327 2604 1391 τέλους
2635 1327 3073 1406 βραχύνεςθαι,

481 1431 876 1512 λε’γεςθαι,
920 1429 1299 1511 τίθεςθαι,
1343 1427 1730 1521 ἵςταςθαι,
1776 1428 2229 1509 κίχραςθαι,
2274 1429 2771 1506 πίμπραςθαι.
2838 1428 2957 1493 ὅςα
3002 1429 3072 1492 δὲ

479 1533 607 1612 πρὸ
652 1533 881 1596 τέλους
925 1530 1055 1609 ἔχει
1101 1528 1285 1609 φύςει
1329 1530 1606 1613 μακράν,
1651 1534 2065 1609 περιςπᾶςθαι
2109 1530 2311 1611 θέλει,
2365 1532 2753 1611 νικᾶςθαι,
2799 1533 3073 1610 φιλεῖ-
3111 1537 3177 1589 10

482 1639 672 1698 ςθαι.
759 1633 839 1697 τὰ
880 1633 1004 1710 γὰρ
1048 1634 1311 1695 τοιαῦτα
1357 1631 1739 1714 δίζηςθαι,
1794 1632 2164 1711 φίληςθαι
2221 1630 2567 1710 ὑποφαίνει
2610 1630 2908 1697 Αἰολικὸν
2961 1651 3073 1710 χα-

485 1738 778 1814 ρακτῆρα.
841 1733 991 1798 ὅθεν
1039 1730 1101 1797 οἱ
1145 1729 1469 1799 ἀξιοῦντες
1512 1723 1812 1799 ἑκτείνεῖν
1852 1734 1928 1797 τὸ
1973 1732 2279 1811 δεύτερον
2323 1734 2367 1795 ἃ
2413 1732 2482 1797 ἑν
2513 1738 2604 1817 τῷ
2637 1733 3078 1811 εὐχετάαςθαι,

482 1837 742 1902 πάντως
786 1837 901 1915 μὲν
945 1839 1355 1914 περιςπῶςιν·
1400 1835 1456 1900 εἰ
1499 1838 1570 1900 δὲ
1616 1836 1924 1900 δεδώκαςι
1965 1834 2180 1914 τρίτην
2224 1835 2357 1899 ἀπὸ
2400 1835 2629 1900 τέλους
2671 1836 2787 1914 τὴν
2833 1835 3074 1921 ὀξεῖαν,

370 2022 378 2028 ,
484 1939 751 2003 δώςουςι
796 1939 898 2002 καὶ
939 1939 1056 2015 τὴν
1099 1937 1597 2018 παραλήγουςαν
1643 1937 2154 2018 βραχυνομένην·
2202 1936 2409 2001 οὕτως
2454 1937 2574 2002 οὖν
2614 1936 2827 2003 πάντα
2871 1942 3071 2003 ταῦτα

484 2040 962 2122 ἀναγνωςτέον,
1020 2040 1442 2104 δεδὰαςθαι
1485 2037 1641 2122 (Od.
1686 2061 1734 2104 π
1777 2037 1963 2120 316),
2019 2039 2566 2117 μηχανὰαςθαι
2621 2037 2778 2122 (Od.
2813 2059 2854 2115 γ
2897 2038 3068 2121 213),
3110 2048 3177 2098 15

484 2143 927 2207 αἰτιάαςθαι
957 2139 1066 2223 (Il.
1104 2143 1149 2206 Κ
1178 2140 1355 2223 210),
1387 2140 1845 2220 ἑδριάαςθαι
1876 2139 2097 2223 (0(1.γ
2126 2140 2259 2223 35),
2290 2142 2672 2227 μνάαςθαι
2704 2139 3072 2225 (Ος1.α39).

1473 2432 1811 2440 -ι-----
1832 2434 1846 2438 -
1893 2434 2080 2441 *—

625 2702 804 2769 ΠΕΡΙ
853 2700 1012 2765 ΤΩΝ
1061 2700 1482 2766 (ΥΝΘΕΤΩΝ
1534 2700 1921 2766 ΡΗΜΑΤΩΝ
1972 2701 2088 2765 ΚΑΙ
2136 2700 2249 2765 ΕΤΙ
2296 2701 2473 2766 ΠΕΡΙ
2524 2701 2926 2767 ΜΕΤΟΧΩΝ.

1555 2887 1842 2952 ΙΒΙΒΛΙΟΝ
1883 2881 1961 2943 ιζ’.

652 3062 797 3126 Πᾶν
844 3059 1012 3139 ῥῆμα
1056 3040 1489 3126 όξύτονον’ἐν
1534 3064 1610 3143 τῇ
1642 3059 1920 3123 ςυνθέςει
1951 3057 2291 3123 ἀναδίδωςι
2320 3059 2436 3123 τὸν
2468 3059 2697 3124 τόνον·
2741 3060 2926 3125 καὶεί
2956 3062 3071 3140 μὲν

484 3163 863 3244 διςύλλαβον
908 3160 1006 3240 εἴη
1063 3163 1139 3226 τὸ
1198 3160 1482 3242 ἁπλοῦν,
1537 3161 1614 3225 τὸ
1672 3160 1979 3225 ςύνθετον
2034 3161 2621 3244 προπαροξύνεται,
2678 3162 2839 3241 φημί
2893 3162 3071 3242 ςύμ-
3107 3170 3177 3220 20

485 3286 713 3346 φημι,
756 3264 881 3327 ἔςτι
912 3264 1252 3345 ςύνεςτι,
1294 3262 1440 3340 εὑρέ
1473 3261 1794 3344 ἔφευρε,
1834 3263 1910 3326 τό
1939 3262 2063 3342 γὰρ
2094 3263 2328 3344 ἐφεῦρε
2359 3264 2427 3328 ἐκ
2466 3267 2583 3328 τοῦ
2625 3264 2772 3342 εὗρε
2807 3265 3072 3345 βαρυτό-

484 3386 605 3431 νου
634 3365 930 3446 ἐγένετο,
976 3364 1113 3428 εἰπέ
1158 3365 1491 3429 κάτειπέ.
1549 3364 1603 3428 εἰ
1646 3364 1716 3427 δὲ
1747 3363 2233 3445 μονοςύλλαβον
2266 3365 2362 3444 εἴη
2397 3367 2472 3430 τὸ
2503 3364 2786 3448 ἁπλοῦν,
2821 3368 2896 3431 τὸ
2930 3368 3071 3432 ςύν-

485 3471 673 3531 θετον
717 3466 1171 3548 παροξύνεται,
1217 3466 1329 3530 δός
1373 3465 1713 3548 ἀπόδος,
1758 3465 1865 3528 θές
1911 3465 2205 3549 ἐπίθες,
2251 3467 2317 3530 ἕς
2360 3468 2601 3546 πρόες
2646 3471 2952 3547 ςημαῖνον
2995 3470 3071 3534 τὸ

413 3633 417 3642 ,
485 3567 683 3650 ἄφες,
730 3567 869 3646 ςχές
902 3567 1247 3650 ἑπίςχες,
1279 3569 1428 3632 ςπές
1459 3567 1771 3632 ἐνίςπες
1818 3567 1933 3631 «ςὺ
1966 3568 2031 3631 δ>
2060 3567 2292 3647 ἀληθὲς
2322 3569 2610 3634 ἐνίςπες»
2642 3566 2796 3651 (Οά.
2828 3590 2870 3646 γ
2898 3567 3073 3652 247),

484 3671 559 3734 τὸ
605 3670 677 3733 δὲ
723 3669 853 3734 «ὥς
893 3690 1000 3749 μοι
1044 3669 1209 3733 καλὰ
1247 3670 1364 3733 τὸν
1409 3667 1592 3732 οἶτον
1637 3666 1931 3747 ἀπότμου
1977 3672 2206 3735 παιδὸς
2250 3671 2538 3736 ἔνιςπες»
2586 3670 2669 3753 (Ω
2709 3670 2863 3753 388)
2909 3671 3073 3736 ἐςτιν
3108 3678 3174 3727 25

486 3771 800 3850 ὁριςτικόν
832 3770 902 3835 ἐκ
942 3775 1062 3834 τοῦ
1104 3771 1359 3850 ἤνιςπες
1388 3772 1505 3848 τὴν
1550 3769 1755 3847 ἀρχὴν
1801 3773 2250 3837 ςυςτείλαντος.
2307 3776 2383 3838 τὸ
2430 3774 2645 3853 μέντοι
2678 3773 2834 3839 ἄνευ
2877 3777 2995 3838 τοῦ
3039 3774 3073 3836 ἰ

486 3976 644 4026 λαιον
678 3975 765 4040 τῷ
801 3973 1145 4040 Ἡρωδιανῴ.
1181 4000 1244 4010 -
1282 3975 1365 4025 De
1403 3972 1737 4038 ἐγρήγορθαι
1774 3975 1843 4031 ef,
1881 3976 1946 4029 ΙΙ.
1983 3978 2073 4027 Pr.
2111 3974 2150 4028 Κ
2189 3979 2280 4027 67:
2324 3977 2395 4028 τὸ
2442 3976 2781 4041 ἐγρήγορθαι
2824 3976 3072 4039 ἀνέγνω-

487 4058 589 4106 μεν
626 4042 1182 4108 προπαροξύνοντες,
1221 4041 1324 4093 οὐκ
1362 4040 1532 4107 ἐχρῆν
1569 4040 1644 4092 δέ.
1695 4040 1809 4093 εἴτε
1845 4043 1951 4108 γὰρ
1988 4043 2239 4118 ςυγκοπή
2277 4043 2389 4096 ἑςτι
2423 4048 2527 4095 τοῦ
2556 4043 2919 4109 ἐγρηγορέναι
2955 4043 3072 4095 εἴτε

485 4126 824 4205 παθητικόο2
864 4126 1080 4192 ὀφείλει
1116 4126 1546 4192 παροξύνεςθαι,
1585 4125 1782 4178 καθότι
1818 4126 1890 4179 τὰ
1926 4126 2005 4179 εἰς
2030 4115 2395 4192 θαίλήγοντα
2420 4127 2828 4193 ἀπαρέμφατα,
2867 4127 3071 4191 ἔχοντα

487 4211 599 4277 πρὸ
635 4215 739 4263 τοῦ
789 4216 822 4265 θ
859 4210 1240 4278 ἀμετάβολον,
1276 4212 1677 4276 παροξύνεται,
1718 4210 2007 4276 κεκάρθαι,
2046 4212 2323 4278 τετίλθαι,
2362 4210 2832 4288 ἑςπάρθαι·-μίαν
2879 4211 3073 4276 μέντοι

482 4297 748 4362 ἀφορμὴν
774 4297 891 4362 όρῶ
917 4300 1021 4348 τοῦ
1047 4295 1309 4348 δύναςθαι
1334 4295 1852 4361 προπαροξύνεςθαι
1876 4296 1945 4348 τὸ
1971 4295 2307 4361 ἐγρήγορθαι
2339 4296 2409 4348 τὸ
2443 4295 2515 4348 τὰ
2552 4294 2631 4348 εἰς
2665 4300 2756 4349 θαι
2800 4294 3070 4360 λήγοντα,

484 4370 553 4432 τῇ
578 4370 645 4430 ὄρ
670 4366 913 4432 ςυλλαβῇ
941 4364 1398 4429 παραληγόμενα,
1427 4365 1499 4429 μὴ
1527 4364 1668 4428 παρ’
1692 4364 1837 4430 ἄλλῃ
1862 4364 1971 4414 τινὶ
1996 4364 2272 4431 διαλέκτῳ
2299 4363 2528 4429 ὁρᾶςθαι
2552 4365 2587 4429 ἢ
2612 4369 2684 4430 τῇ
2711 4362 2947 4429 Αἰολίδι,
2984 4363 3073 4416 τέ-

482 4437 695 4499 τορθαι,
717 4432 1007 4498 μέμορθαι,
1029 4432 1314 4497 ἔφθορθαι.
1354 4433 1488 4484 ὅθεν
1513 4432 1635 4483 ἐπεὶ
1662 4431 1697 4494 ἡ
1727 4431 2033 4497 παράληξις
2053 4430 2434 4498 Αἰολικωτέρα
2459 4432 2706 4496 ἐγένετο,
2729 4433 2820 4483 καὶ
2845 4431 2879 4483 ὁ
2902 4430 3072 4484 τόνος

486 4501 695 4565 ὁμοίως
729 4505 850 4554 τοῖς
888 4499 1290 4568 προκειμένοις.
1345 4503 1416 4552 cf.
1453 4503 1555 4565 Ep.
1597 4502 1684 4552 Cr.
1722 4501 1750 4550 1
1788 4503 1903 4562 126,
1944 4503 2027 4553 ⁶27.
2166 4501 2201 4550 l.
2239 4504 2268 4551 7
2304 4500 2447 4550 hunc
2481 4517 2746 4551 canonem
2782 4517 2907 4551 rece
2949 4502 2967 4550 ἰ
3005 4517 3072 4551 ex

483 4570 549 4620 11·.
582 4573 671 4622 Pr.
708 4569 756 4622 Ζ
790 4573 907 4621 268.
1087 4570 1123 4624 1.
1165 4573 1226 4620 19
1275 4570 1347 4620 ef.
1386 4569 1449 4619 11.
1486 4570 1576 4618 Pr.
1620 4566 1661 4617 Η
1700 4569 1799 4617 862
1837 4565 2097 4632 ἀπόφημι
2135 4567 2215 4619 ὡς
2249 4567 2466 4631 ἄπειμι·
2510 4568 2582 4620 τὰ
2616 4568 2723 4633 γὰρ
2760 4568 2894 4621 ὀξυν
2933 4583 3074 4632 μενα

482 4639 604 4688 τῶν
639 4636 912 4702 ῥημάτων
949 4636 1012 4690 ἐν
1047 4642 1119 4704 τῇ
1158 4636 1404 4688 ςυνθέςει
1440 4632 1735 4685 ἀναδίδωςι
1772 4633 1880 4685 τὸν
1914 4635 2105 4687 τόνον.
2277 4636 2315 4687 l.
2353 4639 2420 4688 23
2467 4653 2563 4701 pro
2602 4634 2970 4702 ςεςημείωται
3002 4636 3073 4688 τὸ

485 4705 655 4770 πρόες
690 4706 761 4758 τὸ
796 4705 940 4771 ἄφες
979 4707 1178 4771 scripsi
1213 4703 1386 4769 πρόες
1424 4704 1692 4766 ςημαῑνον
1727 4701 1796 4753 τὸ
1830 4701 2001 4767 ἄφες,
2048 4720 2174 4754 nam
2220 4720 2490 4769 nusquam
2533 4705 2696 4756 huius
2731 4721 2861 4755 exce
2904 4705 3076 4756 tionis

485 4776 685 4825 mentio
722 4773 783 4824 fit
818 4791 997 4840 neque
1034 4776 1093 4823 in
1128 4775 1194 4827 Ε.
1232 4775 1304 4822 Μ.
1341 4773 1465 4829 381,
1508 4774 1570 4819 11
1620 4785 1797 4834 neque
1836 4787 1922 4837 ap.
1961 4773 2156 4827 Choer.
2193 4773 2322 4836 894,
2359 4776 2418 4836 5,
2464 4774 2558 4824 ubi
2605 4771 2663 4825 ἔς
2708 4786 2853 4840 ςημα
2877 4788 2959 4824 νει
3003 4772 3074 4825 τὸ

450 4840 711 4906 ,πέμψον
756 4843 973 4908 prolato
1020 4842 1087 4890 11.
1127 4840 1171 4892 Α
1211 4842 1332 4898 127;
1380 4838 1569 4890 verbis
1612 4839 1969 4902 transpositis
2014 4856 2080 4890 ex
2126 4844 2394 4904 ςημαῑνον
2439 4843 2557 4898 sive
2601 4839 2853 4906 ςημαίνει
2898 4847 3076 4893 ortum

485 4910 704 4966 videtur
750 4907 1134 4977 ςεςημείωται.
1208 4909 1277 4958 ef.
1318 4906 1606 4970 Goettling
1648 4905 1716 4956 de
1763 4922 1876 4959 ace.
1922 4923 1973 4972 p.
2009 4910 2091 4958 46.
2139 4936 2202 4945 —-
2249 4909 2283 4962 l.
2322 4911 2388 4960 24
2431 4907 2495 4959 ςὺ
2532 4908 2592 4960 δ’
2622 4936 2690 4946 ·-
2725 4928 2777 4976 p.
2816 4926 2930 4975 seq.
2971 4911 3006 4963 l.
3047 4913 3070 4960 l

2533 4993 2666 5056 30*
