3664 5546
598 323 725 388 386
786 398 795 405 1
1532 321 1615 375 εκ
1654 321 1792 375 τΩΝ
1836 320 2243 375 ΗΡΩΔιΑΝοΥ

599 497 709 570 τῆς
757 493 986 559 λέξεως
1031 492 1134 555 καὶ
1179 491 1571 568 Θουκυδίδης
1613 490 1710 571 (6,
1754 489 1884 572 21).
1948 489 2269 568 Φάλαρα
2312 491 2498 555 πόλις
2543 490 2881 554 Θεςςαλίας
2922 489 3190 567 πληςίον

596 593 849 672 Λαμίας.
936 594 1222 669 Ἄδαρα
1276 593 1451 671 κώμη
1509 592 1748 670 μεγάλη
1804 595 1919 669 τῆς
1966 592 2387 670 Παλαιστίνης
2447 592 2678 670 μεταξὺ
2737 592 3189 670 Χαρακμώβων

600 696 703 759 καὶ
746 694 1200 772 Ἀρεοπόλεως.
1290 693 1708 772 Θύμβραρα
1750 693 1938 757 πόλις
1982 692 2181 757 Ἀςίας
2224 698 2316 775 τῷ
2359 693 2693 775 Πακτωλῷ
2747 694 3041 774 ςυνεχής,
3099 691 3192 755 ὡς

600 796 924 875 Ξενοφῶν
971 792 1243 880 (Cyrop.
1276 793 1348 874 6,
1383 792 1455 875 2,
1494 795 1617 874 11).
1680 794 2040 872 Κάνδαρα
2082 794 2321 872 χωρίον
2366 793 2833 873 Παφλαγονίας
2879 793 3012 857 «ὡς
3056 791 3190 856 ἀπὸ

535 904 569 952 5
602 897 875 975 ςχοίνων
920 901 1124 973 τριῶν,
1172 898 1210 958 Γ
1214 896 1470 973 άγγρων
1483 945 1501 977 ,
1568 896 1671 958 καὶ
1716 896 1960 974 Θάριβα
2002 895 2178 973 κώμη
2196 919 2241 957 ².
2327 895 2656 973 Πάταρα
2715 894 2902 959 πόλις
2945 892 3188 958 Λυκίας.

598 998 920 1061 Ἑκαταῖος
964 998 1147 1080 Ἀςίᾳ.
1237 997 1466 1075 ἐκλήθη
1525 998 1597 1061 δὲ
1653 995 1784 1059 ἀπὸ
1827 996 2139 1073 Πατάρου
2194 998 2310 1060 τοῦ
2356 995 2768 1060 Ἀπόλλωνος
2816 996 2920 1060 καὶ
2961 994 3190 1059 Λυκίας

596 1104 707 1176 τῆς
751 1098 1032 1162 Ξάνθου.
1120 1099 1534 1177 Ἀλέξανδρος
1590 1097 1901 1161 (αλακίαν
1958 1096 2154 1174 κόρην
2213 1095 2277 1162 ἐξ
2332 1096 2706 1177 Ὀφιονίδος
2757 1098 2936 1176 φηςὶ·
2964 1096 3188 1176 φέρειν

597 1199 738 1277 ἱερὰ
780 1206 872 1283 τῷ
918 1198 1275 1263 Ἀπόλλωνι
1320 1200 1390 1263 ἐν
1435 1198 1716 1282 πατάρᾳ·
1781 1197 1947 1263 εἶναι
1995 1200 2065 1262 δὲ
2119 1201 2318 1262 ταῦτα
2372 1199 2665 1277 πέμματα
2718 1198 2914 1276 λύρας
2972 1217 3041 1261 τε
3085 1198 3190 1260 καὶ

598 1294 769 1366 τόξα
805 1301 908 1363 καὶ
966 1300 1145 1381 βέλη,
1203 1298 1302 1365 οἶς
1354 1300 1596 1367 παίζειν
1651 1299 1920 1378 νηπίους
1975 1298 2184 1364 ὄντας.
2211 1296 2225 1305 ’
2272 1302 2485 1364 θεῖςαν
2531 1301 2603 1363 δὲ
2656 1300 2732 1363 τὸ
2786 1297 2988 1375 ἄγγος
3030 1296 3188 1361 ἀνα-

502 1407 563 1457 10
597 1402 902 1465 παύεςθαι
958 1402 1117 1463 κατὰ
1172 1402 1289 1478 τὴν
1346 1401 1521 1467 ὁδόν.
1609 1401 1851 1488 ἄνεμον
1907 1402 1979 1465 δὲ
2035 1400 2500 1466 ἑπιπνεύςαντα
2557 1399 2646 1464 εἰς
2699 1400 2815 1477 τὴν
2872 1400 3187 1463 θάλαςςαν

601 1506 817 1582 βαλεῖν
884 1502 1001 1580 τὴν
1056 1501 1383 1583 πατάραν,
1449 1502 1786 1568 κλαίουςαν
1843 1504 1916 1566 δὲ
1969 1503 2086 1580 τὴν
2139 1505 2341 1566 παῖδα
2393 1500 2485 1566 εἰς
2536 1502 2654 1566 τὸν
2712 1499 2897 1565 οἶκον
2952 1500 3186 1582 ἐλθεῖν,

596 1606 714 1681 τὴν
771 1604 843 1666 δὲ
896 1602 1189 1679 πατάραν
1247 1610 1323 1688 τῇ
1367 1604 1615 1669 Λυκίων
1671 1604 2044 1685 χερρονήςῳ
2100 1606 2579 1680 κατενεχθῆναι·
2644 1602 3070 1681 περιτυχόντα
3113 1602 3186 1664 δέ

595 1725 738 1768 τινα
780 1708 910 1767 τῶν
968 1702 1039 1767 ἐκ
1092 1706 1204 1780 τῆς
1248 1695 1553 1769 Εαλακίας
1605 1704 1954 1784 φυγόντων
2007 1711 2083 1788 τῇ
2129 1704 2385 1786 πατάρᾳ
2439 1704 2518 1767 τὰ
2574 1703 2646 1766 ἐν
2690 1703 2851 1787 αὐτῇ
2895 1704 3188 1781 πέμματα

595 1806 808 1871 πάντα
849 1807 1227 1868 κατακαῦςαι
1270 1807 1374 1868 καὶ
1415 1807 1532 1883 τὴν
1577 1804 1969 1883 χερρόνηςον
2012 1803 2191 1883 ἱερὰν
2221 1804 2580 1869 Ἀπόλλωνι
2624 1803 2887 1868 ἀνεῖναι.
2933 1802 3184 1882 ὠνομά-

497 1914 560 1963 15
601 1912 735 1970 ςθαι
780 1907 853 1969 δὲ
895 1907 1012 1983 τὴν
1057 1906 1275 1983 χώραν
1323 1906 1454 1971 ἀπὸ
1499 1909 1616 1969 τοῦ
1661 1904 1934 1988 ἄγγους,
1989 1909 2102 1984 τῆς
2147 1905 2464 1987 πατάρας,
2508 1905 2795 1984 Πάταρα.
2881 1909 3187 1983 μεθερμη-

598 2008 883 2071 νεύεςθαι
940 2007 1012 2070 δὲ
1066 2008 1181 2084 τὴν
1236 2008 1528 2085 πατάραν
1585 2005 1928 2085 Ἑλληνιςτὶ
1981 2008 2208 2084 κίςτην.
2299 2005 2606 2085 Πίναρα
2660 2006 2847 2070 πόλις
2914 2005 3185 2085 μεγίςτη,

600 2108 1014 2187 ὑπερκειμένη
1079 2114 1170 2191 τῷ
1242 2108 1469 2187 Κράγει
1536 2106 1673 2186 ὄρει
1738 2112 1852 2185 τῆς
1913 2104 2202 2172 Λυκίας.’
2244 2108 2624 2184 Πολύαρα
2687 2107 2874 2170 πόλις
2941 2107 3187 2185 Καρίας.

600 2209 938 2287 (ἶίγγαρα
990 2209 1177 2273 πόλις
1220 2209 1523 2289 Ἀραβίας.
1610 2209 1986 2287 Τάρφαρα
2039 2210 2224 2272 πόλις
2279 2212 2390 2286 τῆς
2444 2208 2825 2287 εὐδαίμονος
2879 2207 3187 2286 Ἀραβίας.

598 2309 971 2392 ἔντερον,
1017 2310 1350 2388 ἔλλερον
1394 2312 1469 2375 τὸ
1515 2310 1743 2392 κακόν,
1799 2311 2222 2391 μέρμερον,
2278 2309 2619 2387 κόλ-ερον
2669 2309 2745 2373 τὸ
2790 2307 3185 2386 ἀκούρευτον

496 2421 566 2470 20
600 2412 962 2492 πρόβατον,
1019 2409 1081 2475 οἱ
1138 2412 1209 2474 δὲ
1252 2412 1453 2490 τραχὺ
1499 2410 1694 2489 ἔριον.
1783 2410 2130 2489 Μίςκερα
2179 2411 2365 2474 πόλις
2411 2408 2712 2474 Εικανίας.
2800 2409 3190 2488 Θεόπομπος

599 2518 1070 2595 τεςςαρακοςτῷ
1115 2513 1398 2596 δευτέρῳ
1443 2512 1872 2577 Φιλιππικῶν.“
1955 2512 2374 2588 Καςςίτερα
2416 2513 2608 2588 νῆςος
2651 2510 2721 2575 ἐν
2765 2516 2857 2593 τῷ
2900 2509 3186 2593 ὠκεανῷ,

597 2613 661 2680 ἐξ
719 2612 795 2690 ἧς
851 2613 889 2676 ὁ
943 2613 1312 2692 καςςίτερος.
1398 2614 1730 2690 Ἄπτερα
1784 2614 1971 2677 πόλις
2030 2613 2299 2694 Κρήτης,
2366 2610 2496 2677 ἀπὸ
2552 2615 2664 2688 τῆς
2716 2615 2845 2676 τῶν
2904 2611 3186 2674 Μουςῶν

598 2715 699 2777 καὶ
744 2713 1063 2793 (Σειρήνων
1109 2713 1353 2797 ἔριδος,
1411 2719 1522 2794 τῆς
1579 2714 1649 2779 ἐν
1692 2720 1784 2798 τῷ
1830 2714 2102 2798 μουςείῳ
2146 2714 2413 2792 πληςίον
2465 2717 2576 2792 τῆς
2620 2712 2873 2778 πόλεως
2929 2712 3031 2776 καὶ
3070 2714 3187 2789 τῆς

597 2815 905 2893 θαλάςςης
948 2815 1130 2900 τόπῳ
1175 2821 1438 2881 τοιῶςδε
1484 2816 1860 2899 καλουμένῳ
1904 2816 2284 2896 γενομένης,
2329 2815 2399 2880 ἐν
2445 2816 2499 2898 ᾧ
2545 2815 2702 2894 μετὰ
2752 2816 2869 2892 τὴν
2913 2813 2985 2879 ἐν
3011 2833 3184 2892 μου·

386 2908 399 2916 ’
496 2926 562 2974 25
597 2923 729 2998 ςικῇ
774 2917 952 2995 νίκην
996 2920 1131 2981 τῶν
1181 2918 1460 2982 Μουςῶν
1506 2917 1571 2980 αἱ
1615 2915 1906 2995 Εειρῆνες
1952 2921 2380 2996 δυςφοροῦςαι
2435 2915 2515 2979 τὰ
2556 2915 2760 2992 πτερὰ
2809 2919 2942 2979 τῶν
2986 2912 3183 2993 ὤμων

596 3015 925 3095 ἀπέβαλον
970 3019 1072 3082 καὶ
1115 3019 1331 3082 λευκαὶ
1359 3019 1695 3095 γενόμεναι
1741 3017 1829 3081 εἰς
1873 3020 1989 3096 τὴν
2035 3017 2347 3081 θάλαςςαν
2379 3016 2686 3097 ἐνέβαλον
2717 3016 2962 3081 ἑαυτάς.
3030 3015 3183 3079 ὅθεν

595 3118 635 3194 ἡ
681 3117 867 3182 πόλις
910 3120 1220 3199 Ἄπτερα,
1266 3119 1331 3182 αἱ
1374 3119 1447 3182 δὲ
1490 3118 1756 3197 πληςίον
1801 3122 1981 3196 νῆςοι
2026 3119 2271 3183 Λευκαί.
2339 3116 2403 3181 οἱ
2445 3119 2517 3181 δὲ
2561 3115 2692 3181 ἀπὸ
2740 3117 3021 3181 Γλαύκου
3061 3119 3184 3179 τοῦ

601 3217 972 3296 Κυρηναίου.
1060 3219 1187 3283 ἔςτι
1231 3220 1334 3283 καὶ
1376 3219 1603 3284 Λυκίας
1646 3220 1850 3284 πόλις.
1938 3219 2296 3298 Τέρμερα
2349 3219 2535 3282 πόλις
2576 3219 2805 3283 Λυκίας
2848 3217 2979 3282 ἀπὸ
3025 3217 3182 3294 Τερ-

595 3319 811 3396 μέρου.
898 3321 974 3384 τὸ
1020 3320 1235 3397 μέντοι
1291 3321 1584 3399 πτερόν
1638 3357 1725 3368 --
1776 3321 1995 3399 Πτερὰ
2050 3321 2122 3384 δέ
2181 3340 2348 3385 τινες
2401 3321 2519 3399 τὴν
2576 3320 2930 3398 ἀκρόπολιν
2977 3319 3179 3397 Βαβυ·

494 3431 560 3481 30
598 3422 807 3485 λῶνος
861 3456 948 3467 --
1003 3420 1410 3503 διςύλλαβον,
1462 3424 1538 3485 τὸ
1602 3424 1675 3486 δὲ
1717 3423 2013 3500 γέρρον
2072 3423 2176 3490 διὰ
2236 3422 2354 3486 δύο
2401 3423 2487 3499 ρδ
2539 3421 2883 3502 γράφεται,
2939 3419 3043 3483 καὶ
3101 3420 3178 3483 τὸ

597 3522 836 3601 ςαρόν
882 3524 958 3586 τὸ
1003 3523 1366 3601 μυλήκορον
1412 3522 1720 3587 Ἀττικῶς.

768 3623 861 3686 Τὰ
918 3622 1008 3687 εἰς
1063 3628 1183 3701 ρον
1238 3624 1698 3701 παραλήγοντα
1754 3624 1829 3710 ὃ.ἱ
1851 3623 2221 3706 βαρύνεται,
2287 3623 2769 3706 ἀνάκτορον,
2834 3623 3181 3706 κίχορον.

598 3723 1010 3801 Βούδορον
1056 3723 1455 3808 ἀκρωτήριον
1509 3725 1675 3801 πρὸς
1726 3731 1802 3808 τῇ
1851 3724 2167 3804 Εαλαμῑνι.
2256 3726 2648 3803 Θουκυδίδης
2691 3711 2874 3807 τρίτη
2919 3725 3003 3804 (ο.
3049 3723 3182 3803 51).

594 3824 878 3903 Ἔφορος
923 3827 996 3889 δὲ
1040 3826 1359 3922 φρούριον
1393 3825 1727 3903 Βούδαρον
1777 3824 1935 3889 εἶπε.
2000 3827 2276 3905 Ἔβορα
2317 3827 2506 3891 πόλις
2532 3828 2993 3904 παρωκεανῖτις
3021 3825 3183 3903 μετὰ

493 3938 557 3988 35
592 3927 671 3989 τὰ
729 3927 1004 4005 Γάδειρα.
1094 3926 1697 4006 Βολογεςίφορα
1750 3927 1937 3991 πόλις
1990 3928 2280 4006 Περςική.
2371 3926 2675 4005 Νόςορα
2727 3930 2919 4002 νῆςος
2977 3926 3048 3990 ἐν
3081 3931 3178 4006 ’τῇ

593 4027 857 4110 Ἐρυθρᾷ
900 4028 1188 4110 θαλάςςῃ.

954 4183 997 4190 ——

593 4282 676 4332 St.
703 4282 766 4331 Β.
805 4285 1029 4346 recepta
1066 4286 1211 4330 sunt.
1347 4280 1383 4329 1.
1413 4284 1475 4331 19
1513 4279 1786 4346 μέρμερον
1821 4281 2086 4346 κόλερον,
2125 4282 2266 4347 quod
2303 4298 2390 4347 ap.
2414 4282 2653 4347 Hesyeh.
2682 4279 2887 4346 κολερά
2912 4282 3175 4346 scriptum

595 4354 705 4408 est,
743 4351 951 4414 sumpsi
985 4365 1053 4398 ex
1090 4348 1336 4412 Theogn.
1380 4352 1495 4410 131,
1535 4355 1579 4410 1,
1618 4348 1867 4413 Μίςκερα
1903 4378 1967 4386 ·-«
2005 4348 2259 4413 Τέρμερα
2296 4367 2361 4400 ex
2399 4349 2478 4400 St.
2505 4351 2593 4408 B„
2629 4348 2824 4412 Πτερά
2859 4366 2928 4399 ex
2965 4349 3176 4410 eodem,

591 4415 794 4479 γέρρον
830 4433 899 4465 ex
935 4416 1183 4480 Theogn.
1251 4416 1359 4466 Pro
1396 4416 1600 4481 (αυρόν
1635 4416 1705 4467 τὸ
1744 4417 1866 4479 μέλι
1911 4434 1999 4482 ap.
2034 4417 2331 4468 Arcadium
2366 4419 2562 4481 scripsi
2609 4432 2729 4467 omn
2767 4416 3066 4482 Goettling.
3104 4417 3175 4465 de

590 4491 822 4533 accentu
860 4500 916 4548 p.
940 4487 1041 4533 230
1077 4482 1199 4533 coll.
1228 4485 1361 4534 Lob.
1400 4485 1472 4533 ad
1496 4485 1790 4548 Phrynieh.
1827 4503 1880 4551 p.
1903 4489 1970 4536 83
2006 4483 2176 4548 ςαρόν
2209 4484 2279 4534 τὸ
2306 4483 2652 4549 μυλήκορον,
2693 4500 2816 4534 nam
2839 4485 2942 4534 hoc
2968 4485 3176 4533 diserte

595 4552 866 4614 excipitur
901 4553 955 4600 in
993 4553 1096 4614 Ep.
1134 4551 1172 4600 l.
1210 4568 1254 4602 ο.
1295 4558 1352 4601 et
1389 4554 1686 4617 requiritur
1722 4568 1962 4615 canone,
2011 4554 2104 4616 qui
2150 4554 2269 4616 agit
2305 4553 2372 4602 (le
2411 4554 2720 4603 nominibus
2755 4555 2791 4602 ἃ
2827 4552 2916 4602 vel
2951 4553 2983 4602 ἓ
3018 4566 3178 4615 prae-

591 4617 775 4667 finitis.
948 4619 983 4670 l,
1024 4621 1089 4668 3⁶2.
1138 4635 1235 4683 pro
1273 4618 1530 4671 ὀξύνεται
1567 4621 1766 4685 scripsi
1812 4620 2109 4684 βαρύνεται
2147 4620 2435 4683 (Schmidt.
2472 4619 2990 4683 προπαροξύνεται,
3028 4618 3176 4682 quod

520 4685 528 4702 '
593 4685 784 4734 eodem
820 4687 985 4748 redit)
1024 4691 1080 4733 et
1112 4702 1233 4735 eum
1269 4687 1459 4736 eodem
1498 4704 1596 4753 pro
1632 4688 1854 4751 ςκιορόν
1890 4688 2118 4752 κίχορον
2153 4688 2224 4738 cf.
2262 4688 2395 4738 Lob.
2433 4687 2600 4736 Proll.
2634 4690 2750 4738 271.
2821 4688 3052 4752 Propria.
3085 4701 3178 4735 ac-

594 4758 880 4802 cesserunt
917 4769 983 4801 ex
1021 4756 1102 4802 St.
1138 4755 1203 4804 B.
2557 4783 2562 4786 ·
2845 4771 2854 4778 ·
