3664 5546
1423 397 1837 447 PRAEFATIO.
2761 401 2928 450 cxlx

361 572 541 638 quum
586 548 671 613 ad
718 553 767 616 Η
813 550 941 614 353
987 561 1216 615 auctor
1259 574 1389 618 non
1435 551 1758 616 indicatus
1806 561 2012 633 esset,
2066 554 2397 637 cognitum
2446 578 2677 621 nomen
2727 555 2929 621 Hero-

361 652 525 716 diani
571 652 636 715 in
681 650 795 715 BL
853 652 1227 737 appositum
1281 663 1401 717 est.
1490 652 1836 740 Quumque
1893 654 1975 719 ad
2026 658 2073 720 Η
2119 655 2245 719 238
2301 656 2447 720 cod.
2494 659 2554 721 A
2612 659 2820 725 οὕτως
2865 661 2929 724 αἱ

360 754 752 834 Ἀριςτὰρχου
801 760 934 834 βῶν
980 756 1092 819 ςὺν
1137 761 1230 838 τῷ
1277 759 1330 820 ν.
1418 757 1456 833 ἡ
1503 756 1999 837 Ἀριςτοφάνους
2054 762 2240 838 βοῦν·
2296 761 2462 825 τινὲς
2518 763 2587 825 δὲ
2643 761 2766 828 ἔξω
2809 768 2927 827 τοῦ

360 862 391 922 ν
443 862 531 938 βῶ
588 859 689 922 καὶ
741 857 985 937 μήποτε
1040 862 1324 923 πιθανῶς
1379 857 1517 924 ἀντὶ
1564 859 1688 923 ’τοῦ
1745 859 1866 940 βόα
1919 858 2189 939 habeat,
2259 859 2403 925 cod.
2464 861 2523 923 V
2583 884 2698 947 pro
2760 866 2926 929 τινες
2990 870 2994 873 ”

358 957 684 1022 indefinito
749 971 998 1022 certum
1065 957 1426 1024 IIerodiani
1491 981 1725 1024 nomen
1791 959 2146 1025 inculcavit
2202 971 2265 1025 et
2324 963 2591 1048 insuper
2655 965 2749 1045 ei,
2814 966 2925 1052 qui

354 1061 629 1126 fortasse
676 1057 916 1125 alicubi
964 1083 1019 1126 e.
1067 1084 1129 1145 g.
1176 1062 1245 1125 in
1289 1060 1627 1127 Catholica
1672 1061 1943 1146 (Arcad.
1992 1086 2056 1148 p.
2107 1062 2255 1146 130)
2310 1064 2559 1128 formae
2613 1072 2703 1147 βῶ
2754 1089 2926 1131 men·

359 1164 588 1227 tionem
652 1162 994 1242 iniecerat,
1069 1162 1462 1251 peculiarem
1529 1163 1801 1229 Homeri
1877 1162 2229 1229 editionem
2296 1165 2555 1231 affinxit
2621 1169 2924 1234 inductus

353 1263 664 1329 eiusmodi
709 1262 870 1329 locis
916 1264 1158 1331 codicis
1205 1266 1298 1349 A,
1346 1263 1556 1352 qualis
1603 1276 1704 1330 est
1748 1267 1791 1331 Ε
1836 1267 1960 1330 909
2002 1268 2226 1347 Ἀρην;
2284 1269 2491 1334 οὕτως
2536 1271 2928 1349 Ἡρωδιανός

355 1390 491 1448 φηςι
550 1368 707 1447 μετὰ
762 1371 879 1431 τοῦ
936 1371 972 1433 ν
1025 1370 1241 1448 Ἄρην.
1333 1367 1500 1431 Nam
1567 1368 1690 1433 hoc
1753 1366 2287 1444 adnotamentum
2353 1367 2719 1435 derivatum
2783 1396 2927 1437 esse

355 1491 430 1532 ex
470 1467 641 1534 libro
687 1469 828 1547 περὶ
874 1470 1129 1535 κλίςεως
1173 1470 1514 1550 ὀνομάτων
1558 1478 1739 1555 patet
1784 1493 1870 1534 ex
1913 1470 2144 1535 Chocr.
2196 1472 2347 1552 145,
2399 1473 2476 1536 18
2522 1473 2769 1538 Gaisf.:
2826 1479 2930 1540 καὶ

355 1573 536 1636 πάλιν
594 1571 666 1652 (Ε
709 1569 863 1653 909)
929 1573 1317 1637 «παύςαςθαι
1376 1576 1798 1653 βροτολοιγὸν
1843 1575 2042 1652 Ἄρην
2097 1573 2653 1652 ἀνδροκταςιάων»
2715 1577 2926 1657 ὥςπερ

352 1676 459 1740 τὸν
511 1674 796 1755 Χρύςην,
862 1671 974 1759 qui
1042 1673 1267 1758 procul
1331 1672 1531 1737 dubio
1590 1672 1774 1738 illum
1824 1673 2069 1738 librum
2127 1674 2489 1741 Herodiani
2552 1680 2926 1765 exscripsit.

356 1776 454 1840 Sic
495 1776 700 1859 igitur
744 1797 847 1839 res
893 1797 963 1838 se
1009 1774 1234 1840 habet:
1284 1797 1482 1861 quum
1526 1774 1734 1840 codex
1774 1777 1836 1842 A
1879 1799 2363 1863 nonnumquam
2410 1801 2495 1844 ex
2536 1780 2684 1846 aliis
2718 1781 2923 1846 Hero-

354 1877 520 1942 diani
571 1877 833 1963 scriptis
879 1887 1075 1964 atque
1120 1876 1438 1943 Prosodia
1479 1875 1717 1959 Iliaca,
1776 1879 2103 1965 quomodo
2162 1878 2429 1964 quidam
2484 1880 2609 1948 loci
2655 1881 2924 1949 Homeri

353 1980 430 2044 ab
473 1978 851 2044 Herodiano
896 1976 1046 2043 lecti
1093 1978 1254 2060 sint,
1301 1978 1627 2060 attulerit,
1674 1978 2058 2066 compilator
2100 1979 2345 2046 codicis
2390 1982 2450 2047 V
2493 1983 2684 2048 huius
2730 1986 2925 2049 ratio·

351 2083 444 2146 nis
488 2082 758 2166 ignarus
818 2079 1171 2145 editionem
1217 2079 1487 2146 Homeri
1541 2080 2027 2147 Herodianeam
2080 2097 2484 2150 commentus
2541 2097 2660 2151 est.
2749 2087 2923 2151 Hinc

353 2183 660 2263 efficitur,
719 2203 915 2268 quam
972 2204 1124 2247 vere
1179 2182 1489 2247 Lehrsius
1551 2181 1630 2247 de
1686 2185 1894 2249 Arist.
1941 2207 2004 2271 p.
2052 2185 2173 2248 31²
2222 2185 2302 2250 de
2362 2187 2579 2253 indole
2626 2189 2921 2254 codicum

349 2286 399 2349 L
441 2295 505 2350 et
533 2284 600 2348 V
645 2283 1058 2350 iudicaverit.
1133 2284 1361 2371 Neque
1405 2307 1966 2372 supervacaneum
2010 2286 2226 2353 iudico
2274 2290 2525 2377 reliqua
2566 2292 2924 2376 scripturae

351 2387 800 2453 Herodianeae
841 2383 1131 2451 locorum
1163 2385 1658 2452 Homericorum
1703 2387 2003 2474 exempla
2039 2411 2458 2476 componere,
2504 2391 2678 2457 unde
2723 2415 2921 2479 appa-

349 2490 510 2555 rebit
553 2487 849 2553 codicem
891 2488 954 2552 A
999 2510 1186 2570 vera,
1242 2487 1524 2575 reliquos
1581 2498 1698 2553 aut
1753 2490 1993 2555 ficticia
2044 2501 2159 2556 aut
2212 2515 2369 2557 sane
2424 2516 2620 2579 quam
2672 2494 2923 2559 incerta

351 2591 623 2656 tradere.
713 2588 877 2654 Cod.
925 2590 986 2653 A
1030 2589 1085 2654 Ζ
1127 2589 1253 2654 266
1295 2590 1636 2656 ἀνίπτοιςι;
1691 2592 1898 2658 οὕτως
1942 2593 2339 2673 Ἀρίςταρχος
2385 2598 2487 2660 καὶ
2529 2596 2922 2675 Ἡρωδιανὸς

351 2696 446 2759 διὰ
488 2698 606 2759 τοῦ
649 2696 690 2772 ἦ
737 2693 1024 2777 ἀνίπτῃςι
1069 2701 1236 2757 teste
1281 2690 1345 2756 la
1389 2692 1608 2757 Roche
1650 2731 1734 2740 —
1777 2695 1815 2772 ἡ
1864 2698 2085 2781 διπλῆ,
2131 2696 2229 2760 ὅτι
2269 2696 2643 2777 Ζηνόδοτος
2686 2700 2920 2780 γράφει

349 2795 687 2882 ἀνίπτῃςιν.
776 2795 895 2859 οὐκ
948 2794 1073 2859 ἔςτι
1129 2797 1199 2860 δὲ
1243 2797 1282 2874 ἡ
1329 2796 1543 2861 εὐθεῖα
1598 2796 1826 2876 ἀνίπτη
1873 2807 2040 2861 teste
2084 2797 2494 2883 Pluygersio.
2582 2799 2659 2863 In
2704 2799 2920 2884 priore

350 2895 585 2962 scholio
633 2896 722 2961 M.
769 2895 1166 2962 Schmidtius
1210 2896 1483 2983 Didym.
1526 2922 1591 2985 p.
1644 2898 1764 2961 129
1808 2920 1955 2963 cum
1997 2898 2289 2963 Bekker.
2338 2923 2457 2985 pro
2508 2904 2610 2966 καὶ
2654 2902 2691 2967 ὁ
2738 2905 2808 2967 δὲ
2855 2914 2921 2968 et

349 3022 457 3085 pro
512 2998 907 3079 Ἡρωδιανός
962 2998 1247 3063 scribere
1301 2998 1445 3063 vult
1499 3011 1766 3087 propter
1831 3022 2106 3088 sequens
2174 3000 2467 3067 scholion
2527 3003 2918 3088 Ζηνόδοτος,

349 3124 506 3186 quae
549 3101 816 3167 nomina
860 3122 975 3186 per
1018 3099 1476 3187 compendium
1506 3102 1752 3190 scripta
1794 3101 1985 3168 facile
2031 3103 2345 3168 confundi
2388 3104 2660 3191 possint.
2721 3104 2919 3185 Quod

347 3201 489 3269 licet
532 3224 761 3269 verum
816 3201 932 3283 sit,
992 3213 1212 3267 tamen
1266 3204 1388 3268 hoc
1440 3202 1584 3269 loco
1640 3215 1911 3292 propter
1964 3204 2361 3291 praecedens
2417 3209 2548 3292 καί,
2603 3207 2709 3271 cui
2763 3209 2800 3273 ὁ
2847 3211 2919 3275 δὲ

349 3307 734 3371 substituere
778 3303 1136 3369 violentum
1181 3314 1308 3387 est,
1353 3327 1486 3371 non
1529 3305 1883 3372 admodum
1926 3307 2067 3371 veri
2112 3305 2321 3372 simile
2365 3319 2482 3373 est.
2574 3308 2801 3397 Neque
2846 3333 2919 3375 se

345 3407 754 3473 commendat
797 3428 875 3470 ea
918 3406 1319 3488 emendatio,
1367 3417 1441 3471 ut
1484 3418 1632 3494 post
1674 3410 2068 3488 Ἡρωδιανὸς
2111 3409 2609 3496 interpungatur
2652 3422 2718 3476 et
2763 3414 2800 3478 ὁ
2847 3417 2917 3480 δὲ

345 3511 704 3589 Ζηνόδοτος
759 3508 1083 3575 excidisse
1141 3519 1454 3574 sumatur.
1543 3512 1622 3576 In
1678 3520 1863 3575 tanta
1913 3509 2040 3575 loci
2095 3510 2510 3595 difficultate,
2568 3536 2762 3601 quam
2806 3537 2917 3579 ex·

347 3613 556 3696 posuit
606 3611 671 3675 la
726 3609 947 3676 Roche
1008 3611 1114 3675 die
1171 3611 1597 3678 Homerische
1655 3613 2117 3678 Texteskritik
2171 3637 2237 3699 p.
2288 3614 2406 3679 128
2471 3637 2601 3702 qua
2664 3617 2918 3681 ratione

345 3711 478 3779 loco
523 3714 746 3801 utique
791 3723 1096 3799 corrupto
1138 3713 1477 3801 opituleris
1523 3714 1637 3779 vix
1682 3715 2001 3801 reperias,
2050 3715 2347 3802 equidem
2377 3721 2672 3804 quamvis
2708 3718 2916 3784 haesi-

345 3825 552 3880 tanter
590 3813 938 3879 inserenda
980 3825 1132 3902 post
1173 3817 1564 3896 Ἡρωδιανὸς
1603 3817 2050 3904 proposuerim
2094 3817 2299 3882 verba
2342 3821 2415 3884 ὃς
2461 3822 2761 3901 μέμνηται
2805 3827 2916 3902 τῆς

343 3919 770 3998 Ζηνοδοτείου
814 3923 1095 4002 γραφῆς,
1153 3918 1246 3983 ita
1298 3928 1372 3982 ut
1425 3918 1510 3984 ab
1565 3921 1993 4005 epitomatore
2037 3919 2333 3984 additum
2387 3944 2529 3985 esse
2574 3922 2914 3988 credamus

348 4018 787 4085 Herodianum
843 4016 1086 4084 alicubi
1146 4019 1230 4105 (e.
1288 4042 1354 4104 g.
1410 4021 1478 4084 in
1533 4019 1873 4087 Catholica
1928 4020 2168 4085 Arcad.
2226 4044 2286 4104 p.
2336 4023 2486 4105 102,
2539 4024 2644 4108 10)
2701 4025 2911 4091 Zeno-

346 4120 571 4187 doteae
626 4120 988 4207 scripturae
1045 4122 1437 4188 mentionem
1492 4122 1811 4188 iniecisse.
1864 4161 1947 4169 —
2005 4123 2174 4188 Sane
2232 4147 2428 4211 quam
2482 4125 2802 4189 incertum
2847 4139 2914 4193 et

346 4220 607 4287 dubium
663 4222 821 4288 dicit
877 4221 1190 4287 Lehrsius
1248 4224 1334 4290 ad
1388 4224 1617 4288 Dichr.
1673 4225 1830 4307 296,
1892 4224 1969 4288 18
2025 4223 2222 4290 schol.
2268 4228 2328 4290 A
2386 4228 2469 4291 ad
2529 4226 2606 4291 11.
2654 4230 2706 4293 Θ
2750 4229 2907 4294 378:

347 4326 738 4406 Ἀρίςταρχος
778 4326 1187 4406 προφανέντε
1243 4328 1333 4393 ὡς
1388 4329 1736 4406 «πληγέντε
1791 4317 2122 4412 κεραυνῷ»
2180 4334 2438 4395 δυϊκῶς·
2494 4330 2532 4393 ὁ
2589 4333 2659 4395 δὲ
2703 4331 2909 4410 Ζηνό-

345 4432 530 4493 δοτος
577 4430 870 4507 «γηθήςει
914 4431 1346 4508 προφανείςας
1390 4430 1545 4494 ἰδὼν
1591 4429 1678 4494 εἰς
1723 4434 1973 4495 δοῦπον
2013 4430 2347 4497 ἀκόντων»
2395 4433 2748 4497 ςυςτέλλων
2792 4436 2909 4511 τὴν

346 4532 733 4613 τελευταίαν,
791 4532 1244 4608 παροξυτόνως
1288 4531 1780 4611 προφερόμενος
1836 4533 1977 4611 μετ’
2019 4530 2351 4599 έκτάςεως’
2382 4538 2498 4598 τοῦ
2546 4539 2620 4597 ὀῖ’
2666 4535 2790 4598 ἔςτι
2836 4538 2907 4599 δὲ

347 4630 615 4710 ἄκρατον
667 4631 934 4711 Δώριον
993 4633 1081 4697 ὡς
1135 4635 1209 4698 τὸ
1269 4633 1575 4709 «λαγέτας
1630 4633 1853 4699 υἱούς»
1910 4633 2130 4719 (Pind.
2176 4633 2280 4698 Ol.
2326 4634 2358 4698 I
2404 4635 2533 4719 89).
2635 4635 2907 4703 ςπάνιον

349 4734 412 4798 δὲ
455 4737 532 4799 τὸ
578 4739 835 4799 τοιοῦτο
890 4736 1063 4814 παρὰ
1116 4742 1206 4821 τῷ
1253 4742 1499 4819 ποιητῇ.
1587 4732 1800 4799 Schol.
1847 4735 1959 4799 BL
2015 4735 2287 4802 habent:
2343 4738 2592 4817 γἠθήςει
2649 4758 2905 4818 προφα-

350 4837 562 4902 νείςας.
647 4836 1043 4917 προφανείςα
1099 4840 1169 4903 δὲ
1212 4838 1445 4920 γράφει
1499 4838 1928 4922 Ἀρίςταρχος,
1984 4844 2227 4904 δυ’ίκῶς.
2316 4839 2353 4903 ὁ
2398 4840 2468 4902 δὲ
2512 4838 2907 4917 Ἡρωδιανὸς
