3664 5546
684 384 780 432 LII
1755 386 2172 435 PRAEFATIO.

849 540 1403 627 Praepositionem
1460 542 1535 607 ἐξ
1590 538 1670 604 ΙΙ.
1720 542 1764 606 Κ
1809 540 1894 604 95
1949 543 2227 620 ετηθέων
2293 542 2624 623 ἐκθρώεκει
2679 542 2903 607 Nicias
2960 565 3001 607 a
3054 546 3256 609 verbo

681 643 969 729 separari
1030 641 1272 724 voluit,
1339 653 1413 706 ut
1464 644 1532 708 ἐκ
1588 644 1867 722 (τηθέων
1932 645 2197 722 θρώεκει
2252 655 2767 726 construeretur,
2837 645 2953 710 sed
3008 645 3254 712 Herod.

677 747 1008 826 ἑκθρώεκει
1052 766 1439 831 comparans
1485 745 1760 825 ἐκτρέχει
1805 744 2115 831 praefert.

842 850 886 913 Ε
928 847 1075 912 332.
1162 849 1448 927 πόλεμον
1505 850 2123 926 κατακοιρανέουεα
2177 847 2559 914 Ascalonita
2612 851 2771 917 κάτα
2824 850 2909 914 ad
2965 853 3252 932 πόλεμον

672 949 962 1013 referens
1009 971 1050 1012 a
1091 951 1489 1028 κοιρανέουει
1533 948 1849 1019 seiunxit,
1897 949 1967 1013 id
1998 949 2169 1035 quod
2208 949 2555 1014 Bekkerus
2605 951 2979 1039 adoptavit,
3043 952 3250 1019 Hero-

672 1051 904 1116 dianus
950 1053 1545 1131 κατακοιρανέουειν
1603 1050 1965 1115 coniunctis
2018 1050 2127 1114 hic
2184 1061 2257 1117 ut
2296 1051 2377 1139 ⁸in
2422 1051 2546 1116 Od.
2595 1075 2637 1118 α
2678 1054 2802 1118 247
2856 1056 3095 1134 Ἰθάκην
3140 1078 3247 1121 κα·

667 1155 1183 1234 τακοιρανέουειν
1241 1151 1577 1237 emphasin
1633 1151 1774 1215 fieri
1837 1153 2173 1218 contendit
2237 1153 2322 1217 cf.
2381 1154 2478 1218 Io.
2528 1154 2634 1218 Al.
2680 1155 2794 1237 26,
2860 1157 2957 1220 15.
3061 1156 3245 1221 Idem

669 1255 749 1320 de
793 1258 837 1321 Ε
880 1255 1005 1319 824
1060 1256 1265 1336 μάχην
1321 1256 1464 1320 ἀνὰ
1520 1255 1939 1333 κοιρανέοντα
2005 1254 2136 1319 clici
2190 1256 2437 1340 potuit,
2505 1254 2618 1320 ubi
2687 1264 2909 1322 tamen
2975 1279 3101 1322 non
3164 1258 3246 1322 de

665 1356 1118 1422 coniunctione
1172 1353 1668 1438 vocabulorum,
1725 1355 1845 1419 sed
1899 1355 1980 1420 de
2037 1356 2431 1442 anastrophe
2485 1358 2984 1444 praepositionis
3038 1358 3242 1424 disce·

711 1459 994 1525 tabatur.

663 1481 705 1544 p
832 1559 936 1626 Ob
982 1558 1255 1625 eandem
1310 1560 1687 1625 intentionis
1745 1582 2010 1624 causam
2052 1560 2457 1625 Menecrates
2512 1560 2842 1644 Milesius,
2896 1585 3088 1650 quem
3144 1585 3240 1627 se-

662 1664 883 1751 quitur
904 1662 1271 1741 BekkeruS‚
1300 1664 1647 1747 «Μενελάῳ
1678 1663 2131 1743 ἐπιπροέμεν»
2164 1664 2228 1728 Δ
2254 1661 2337 1725 94
2367 1665 2735 1748 composuit
2764 1672 2838 1728 ut
2866 1666 3237 1746 ἐπιπροίηλε

661 1775 724 1831 et
768 1768 1176 1850 ἐπιπροέηκε,
1225 1763 1641 1829 Aristarchus
1687 1787 1845 1830 vero
1899 1766 2213 1850 Μενελάῳ
2260 1766 2363 1831 ἔπι
2424 1767 2704 1847 προέμεν
2752 1765 2894 1830 coll.
2942 1766 3068 1832 Od.
3113 1789 3152 1847 χ
3196 1767 3237 1831 8

658 1870 769 1934 ἐπ’
814 1870 1116 1952 Ἀντινόῳ
1171 1867 1389 1934 ἴθυνεν
1446 1867 1729 1953 scripsit.
1817 1867 2071 1931 Eadem
2127 1866 2208 1931 de
2265 1868 2669 1949 ἐπεμβεβαώς
2723 1868 2789 1932 in
2852 1872 2866 1934 Ι
2926 1868 3052 1934 582
3106 1868 3233 1934 dis-

657 1971 870 2035 sensio
915 1970 1063 2035 fuit.

822 2071 1372 2158 Praepositionem
1416 2072 1621 2154 περί,
1668 2071 1726 2134 si
1769 2059 2073 2151 περίεεῶε
2117 2070 2549 2156 significaret,
2608 2071 2902 2137 nonnulli
2945 2092 2986 2135 a
3026 2071 3231 2137 verbo

654 2174 1083 2261 separandam
1139 2196 1281 2238 esse
1335 2172 1918 2254 existimaverunt,
1985 2182 2059 2238 ut
2118 2175 2132 2237 Ι
2178 2173 2299 2237 321
2361 2172 2508 2253 περὶ
2571 2178 2767 2240 κεῖται
2831 2171 3231 2255 Ascalonita,

652 2277 916 2364 quidam
968 2278 1037 2341 in
1105 2278 1149 2342 Κ
1192 2276 1315 2339 247
1371 2275 1519 2353 περὶ
1574 2274 1713 2339 οἶδε
1769 2274 2191 2359 scripserunt.
2292 2274 2473 2355 Quos
2529 2285 2757 2340 contra
2810 2274 3226 2339 Herodianus

649 2402 794 2444 cum
863 2378 1242 2444 Aristarcho
1309 2375 1559 2441 iudicat
1635 2375 1915 2440 eundem
1974 2374 2372 2440 intellectum
2437 2376 2504 2439 in
2570 2377 2946 2462 compositis
3012 2378 3227 2441 inesse

646 2505 855 2568 posse.
945 2484 958 2547 Ι
1005 2480 1132 2545 449
1183 2480 1582 2559 περιχώεατο
1638 2475 1934 2543 nonnulli
1987 2475 2459 2559 dissolverunt,
2516 2487 2588 2543 ut
2642 2481 2789 2559 περὶ
2836 2480 3226 2545 παλλακίδος

645 2593 1161 2665 construeretur,
1218 2580 1636 2646 Herodianus
1692 2601 1849 2643 vero
1894 2579 1974 2642 iis
2020 2578 2483 2665 adstipulatur,
2540 2580 2653 2667 qui
2707 2582 2852 2661 περί
2907 2579 3083 2644 idem
3127 2590 3222 2645 at·

644 2711 770 2776 que
815 2694 1120 2767 περιεεῶε
1167 2683 1536 2768 significare
1581 2681 1887 2746 arbitrati
1931 2683 2427 2746 coniunxerunt.
2495 2681 2624 2746 Sed
2660 2684 2706 2748 Κ
2736 2683 2820 2747 94
2862 2683 3056 2748 αἰνῶ(
3098 2683 3222 2761 γὰρ

641 2794 928 2858 Δαναῶν
971 2791 1116 2869 πέρι
1159 2789 1359 2853 δείδια
1403 2783 1841 2870 anastrophen
1870 2783 2372 2869 praepositionis
2416 2784 2702 2869 praefert
2745 2784 3219 2872 compositioni,

641 2915 836 2979 quam
882 2891 1231 2955 Bekkerus
1287 2886 1683 2973 adoptavit·
1728 2883 1805 2950 Il.
1853 2887 1903 2951 ‘l'
1946 2885 1988 2952 4
2031 2885 2177 2966 εὗρε
2235 2888 2305 2951 δὲ
2349 2887 2703 2972 Πατρόκλῳ
2758 2889 3219 2971 περικείμενον,

641 3018 840 3081 quum
883 3003 1080 3080 poeta
1122 2990 1361 3055 alicubi
1407 3013 1470 3053 v.
1514 2987 1641 3052 284
1684 2988 1856 3069 ἀμφ’
1899 2987 2075 3073 αὐτῷ
2119 2990 2357 3068 χυμένη
2402 2985 2611 3069 dicat,
2657 2987 2923 3074 quidam
2962 2991 3216 3069 Πατρό-

638 3101 770 3182 κλῳ
823 3098 968 3175 πέρι
1024 3092 1460 3178 scripserunt,
1518 3088 1631 3153 sed
1687 3088 2104 3154 Herodianus
2159 3111 2305 3152 cum
2360 3088 2742 3155 Ascalonita
2794 3101 2860 3155 et
2915 3089 3214 3177 pluribus

638 3197 1067 3283 compositum
1129 3194 1565 3273 περικείμενον
1640 3191 2054 3278 praeoptavit
2129 3199 2396 3277 propter
2467 3192 2780 3256 maiorem
2849 3192 3211 3279 emphasin,

637 3308 905 3384 propter
949 3318 1145 3383 quam
1190 3316 1335 3359 eum
1379 3295 1933 3373 κατακοιρανέουει
1976 3292 2368 3380 praetulisse
2413 3291 2603 3358 modo
2647 3293 2932 3358 vidimus
2979 3295 3063 3359 cf.
3109 3297 3209 3361 Io.

635 3398 743 3464 Al.
799 3399 914 3482 26,
971 3399 1071 3463 22.
1171 3399 1229 3462 Ψ
1279 3396 1401 3460 487
1458 3398 1898 3477 περιδώμεθον
1963 3403 2230 3481 propter
2294 3394 2837 3478 significationem
2900 3398 3208 3475 ευνθήκαε

632 3503 1036 3581 ποιηεώμεθα
1079 3500 1202 3581 ὑφ’
1247 3500 1317 3564 ’ἐν
1363 3496 1777 3562 scribendum
1820 3496 2086 3561 iudicat.

798 3602 1088 3667 Transeo
1146 3599 1229 3665 ad
1288 3606 1736 3681 particularum
1801 3604 2219 3663 encliticarum
2284 3607 2348 3661 et
2402 3598 2802 3684 syllabarum
2858 3602 3202 3686 paragogi-

629 3727 851 3769 carum
897 3727 1046 3768 cum
1090 3703 1235 3767 aliis
1281 3701 1621 3767 vocabulis
1669 3698 2205 3764 coniunctionem.

796 3804 905 3871 Ad
947 3810 998 3872 Α
1046 3807 1164 3870 173
1208 3806 1412 3883 ἔγωγε
1457 3814 1523 3869 et
1569 3803 1691 3867 174
1742 3803 1957 3882 ἔμοιγε
2014 3801 2466 3887 coniungenda
2515 3812 2582 3869 et
2634 3813 3198 3891 proparoxytonos

624 3908 973 3973 scribenda
1027 3907 1344 3994 praecipit
1403 3904 1823 3969 Herodianus
1838 3951 1856 3985 ,
1924 3904 2282 3987 posteriore
2334 3903 2477 3970 loco
2537 3903 2813 3970 addens:
2882 3907 3009 3973 ἔετι
3073 3909 3198 3988 γὰρ

624 4012 894 4095 Ἀττική,
951 4010 1040 4076 u‘uc
1095 4012 1198 4076 καὶ
1249 4010 1470 4087 ἔγωγε.
1560 4009 1573 4072 Ι
1622 4005 1745 4069 396
1789 4026 1862 4082 γε
1916 4025 2046 4067 non
2090 4005 2643 4089 coniunctionem,
2703 4007 2818 4071 sed
2863 4009 3197 4094 epectasin

620 4135 764 4184 esse
807 4111 1138 4199 perhibet,
1184 4109 1289 4176 cui
1334 4117 1636 4174 accentus
1681 4106 1751 4168 in
1779 4104 2144 4192 proximam
2186 4105 2456 4173 ultimae
2486 4108 2859 4174 retrahendi
2902 4111 3004 4174 vis
3037 4111 3195 4175 insit

619 4215 703 4279 cf.
750 4213 976 4278 Lehrs.
1025 4237 1134 4300 qu.
1181 4233 1282 4298 ep.
1331 4211 1472 4275 133.

782 4319 833 4381 Α
883 4316 1003 4378 154
1045 4313 1337 4380 πώποτ’;
1385 4311 1593 4377 οὕτω(
1637 4310 1759 4391 ὑφ’
1803 4311 1905 4395 ἕν,
1949 4313 2271 4379 πώποτε
2316 4315 2731 4394 Ἀρίεταρχοε.

781 4415 1228 4481 Herodianum
1274 4413 1459 4478 οἶκον
1504 4413 1605 4496 δέ,
1661 4411 1865 4492 ἀγρὸν
1922 4415 1992 4479 δέ
2036 4415 2375 4500 scripsisse
2433 4415 2905 4481 demonstravit
2956 4417 3184 4482 Lehrs.

612 4544 720 4607 qu.
767 4543 869 4606 ep.
915 4543 979 4606 p.
1023 4517 1110 4581 40
1152 4537 1328 4600 seqq.
1388 4524 1454 4578 et
1509 4513 1621 4579 ὅδε
1675 4516 1970 4583 τοεεόεδε
2036 4517 2261 4581 ἐνθάδε
2329 4540 2391 4603 p.
2449 4518 2586 4582 133.
2689 4518 2816 4582 Sed
2885 4518 3184 4603 plurimis

608 4621 767 4687 locis
814 4621 1248 4705 disceptatum
1307 4623 1433 4696 est,
1489 4625 1705 4681 utrum
1763 4619 1834 4684 δέ
1888 4617 2260 4684 coniunctio
2307 4617 2521 4683 locum
2566 4619 2807 4684 habeat
2861 4642 2943 4683 an
2995 4641 3183 4706 para-

607 4747 774 4810 goge
829 4730 900 4789 δε
952 4742 1098 4786 cum
1152 4709 1579 4805 praecedente
1633 4718 1959 4784 adiectivo
2014 4717 2118 4782 vel
2178 4719 2492 4785 adverbio
2547 4720 2981 4807 pronominali
3031 4744 3180 4786 con-

607 4824 940 4910 iungenda
983 4821 1089 4886 sit.
