3664 5546
1105 362 1263 416 ΠΕΡΙ
1302 362 1694 417 «Aeolum-{c
1729 360 2152 418 ΠΡΟΕΩιΔΙΑ(
2190 363 2240 415 Γ.
2888 360 2969 424 79

378 535 643 615 λίμαχος
686 533 912 600 Αἰτίων
957 534 1195 616 πρώτῃ.
1286 534 1362 597 τὸ
1407 533 1623 611 μέντοι
1669 553 1754 611 κη
1770 537 1806 597 δ
1822 552 1852 596 ε
1867 553 1897 597 ς
1909 553 1944 596 τ
1962 532 2000 610 ή
2017 553 2048 596 ς
2106 533 2208 596 καὶ
2262 531 2303 596 ἀ
2320 552 2355 610 ρ
2369 552 2409 607 γ
2423 551 2452 595 ε
2468 552 2545 595 ςτ
2561 531 2602 608 ή
2615 551 2646 596 ς
2692 556 2717 589 «
2732 530 2967 610 ἄνεμος

378 638 690 716 ἀργεςτᾶο
736 635 976 700 Νότοιο
993 660 1019 691 »
1065 634 1143 717 (Λ
1172 634 1327 715 306)
1373 634 1691 699 ἑπιθετικὰ
1722 633 2078 701 ὀξύνονται.
2123 636 2200 699 τὸ
2230 635 2302 697 δὲ
2337 635 2431 713 Κη
2444 639 2480 699 δ
2496 633 2526 697 έ
2541 655 2571 698 ς
2583 654 2618 697 τ
2632 655 2669 712 η
2684 654 2716 697 ς
2760 632 2970 712 ὄνομα

378 739 599 818 κύριον
648 736 999 820 βαρύνεται.

546 841 640 906 Τὰ
685 840 774 905 εἰς
817 842 969 917 ς-τῆἶ
1015 840 1296 917 λήγοντα
1310 888 1327 919 ,
1371 846 1464 925 τῷ
1508 844 1546 918 ἦ
1592 840 2091 920 παραληγόμενα
2103 889 2121 923 ,
2178 838 2414 918 ἔχοντα
2467 839 2596 916 πρὸ
2651 841 2768 904 τοῦ
2813 842 2848 902 ἶ
2891 839 2967 903 τὸ

377 948 440 1025 ἱ,
496 944 658 1021 ὑπὲρ
716 942 835 1008 δύο
893 942 1206 1022 ςυλλαβὰς
1262 941 1423 1006 ὄντα
1481 941 1803 1025 ὀξύνεται,
1850 942 2265 1023 ἑρπηςτής,
2323 940 2740 1023 ὀρχηςτής,
2793 960 2965 1005 τευ·
2994 954 3028 1003 5

378 1065 416 1125 χ
431 1066 469 1124 η
484 1046 618 1124 ςτή
636 1066 697 1127 ς,
744 1035 834 1109 ἀλ
850 1065 953 1124 φη
968 1044 1100 1123 ςτή
1116 1065 1164 1109 ς.
1252 1044 1327 1108 τὸ
1375 1044 1427 1106 ὠ
1443 1065 1535 1124 μη
1555 1045 1681 1122 ςτή
1696 1066 1726 1108 ς
1774 1045 2177 1123 Ἀρίσταρχος
2224 1045 2315 1107 ὡς
2359 1042 2667 1126 ἀθλητής,
2724 1043 2969 1121 Τυραν-

379 1146 535 1211 νίων
597 1148 669 1211 δὲ
738 1147 829 1211 ώς
886 1147 1162 1226 κομήτης
1175 1196 1192 1228 ,
1265 1146 1571 1211 ςύνθετον
1640 1145 2061 1226 ἐκδεχόμενος
2126 1147 2242 1223 τὴν
2301 1145 2486 1211 λέξιν.
2587 1144 2967 1223 ἑπεκράτηςε

380 1251 450 1343 δὲ
494 1249 532 1326 ἡ
578 1251 696 1312 τοῦ
722 1248 1150 1338 ,Ἀριςτάρχου
1194 1248 1541 1332 προςῳδία.

548 1350 642 1415 Τὰ
686 1349 774 1414 εἰς
804 1370 881 1430 ης
910 1349 1365 1432 πολυςύλλαβα
1412 1350 1769 1430 παρώνυμα
1799 1352 2121 1431 μεταθέςει
2150 1353 2261 1427 τῆς
2308 1350 2397 1414 εἰς
2426 1352 2508 1413 δῖ
2550 1348 2677 1415 εἴτε
2722 1350 2970 1415 εὐθείας

379 1453 502 1517 εἴτε
533 1455 785 1530 γενικῆς
826 1453 914 1517 εἰς
956 1457 1030 1531 τῖς
1071 1454 1376 1532 γινόμενα
1419 1452 1802 1534 βαρύνονται
1819 1503 1838 1535 ,
1880 1455 2150 1532 Ἄραξος
2194 1453 2259 1516 Ἀ
2274 1452 2406 1531 ράξ
2419 1474 2456 1531 η
2472 1473 2503 1517 ς
2545 1451 2735 1517 ἔθνος
2778 1453 2966 1517 Ἰλλυ-
3008 1465 3072 1515 10

380 1556 515 1634 ρίας
531 1604 549 1637 ,
618 1554 900 1620 Λάπιθος
953 1555 1003 1621 Λ
1018 1576 1060 1619 α
1072 1577 1119 1619 π
1135 1555 1203 1619 ίθ
1218 1577 1255 1634 η
1270 1576 1301 1621 ς
1354 1554 1545 1619 ἔθνος
1601 1555 1944 1621 Θεςςαλίας
1959 1604 1977 1637 ,
2044 1554 2386 1633 εἴςπνηλος
2452 1554 2559 1619 εἰς
2572 1577 2618 1619 π
2633 1574 2669 1618 ν
2684 1555 2722 1634 ή
2741 1558 2776 1617 λ
2789 1576 2828 1633 η
2843 1576 2874 1619 ς
2930 1545 2983 1617 ὃ

379 1658 731 1739 ἐρώμενος,
786 1656 1246 1736 ἀγκυλόχειλος
1303 1656 1344 1721 ἀ
1357 1679 1396 1734 γ
1410 1680 1444 1722 κ
1458 1680 1494 1722 υ
1513 1661 1547 1721 λ
1564 1678 1601 1720 o
1616 1678 1655 1737 χ
1668 1678 1697 1722 ε
1714 1658 1733 1721 ί
1747 1662 1782 1721 λ
1796 1680 1834 1735 η
1850 1679 1881 1722 ς
1893 1708 1911 1740 ,
1967 1658 2276 1722 ’Άςκαλος
2321 1657 2387 1720 Ἀ
2402 1678 2433 1722 ς
2447 1680 2480 1721 κ
2494 1657 2535 1721 ά
2550 1660 2584 1720 λ
2598 1679 2636 1737 η
2651 1679 2681 1722 ς
2694 1706 2713 1739 ,
2772 1657 2969 1736 δάμα-

380 1761 495 1823 λος
541 1763 630 1823 δα
645 1759 740 1837 μά
756 1763 844 1838 λη
860 1780 891 1823 ς
938 1786 963 1817 c<
980 1759 1265 1840 δαμάλης
1310 1760 1474 1838 ἔρως
1491 1785 1515 1813 »
1540 1810 1557 1841 ‚
1603 1759 1735 1825 ἀπὸ
1780 1764 1900 1824 τοῦ
1947 1760 2202 1839 χαράξω
2250 1759 2540 1837 Χάραξος
2585 1759 2890 1837 Χαράξη
2905 1779 2935 1823 ς
2950 1808 2968 1840 ,

379 1861 679 1940 εὔπατρις
736 1860 1119 1939 εὐπάτριδος
1181 1881 1211 1925 ε
1225 1861 1264 1923 ὐ
1278 1884 1325 1926 π
1340 1881 1381 1926 α
1393 1883 1427 1925 τ
1440 1883 1476 1940 ρ
1494 1862 1560 1927 ίδ
1572 1885 1610 1941 η
1625 1883 1657 1926 ς
1723 1862 2110 1941 εὐπατρίδου
2123 1913 2141 1945 ,
2208 1862 2535 1926 ἑπτάπους
2600 1861 2968 1925 ἑπτάποδος

379 1964 468 2026 ἑπ
483 1984 517 2027 τ
531 1984 631 2027 απ
645 1963 682 2028 6
698 1967 734 2027 δ
749 1985 787 2042 η
802 1984 833 2027 ς
899 1984 1028 2042 παρ
1043 1964 1057 1985 ³
1118 1963 1390 2047 Ἡςιόδω
1405 2013 1423 2045 ,
1490 1964 1753 2043 τρίπους
1820 1966 2126 2043 τρίποδος
2191 1985 2226 2028 τ
2241 1984 2309 2042 ρι
2325 1986 2371 2028 π
2385 1963 2421 2027 ό
2438 1969 2524 2043 δη
2539 1984 2601 2045 ς,
2664 1962 2970 2035 Οἰδίπους
3008 1975 3070 2025 15

381 2064 729 2137 Οἰδίποδος
786 2064 838 2128 Ο
854 2065 919 2130 ἰδ
935 2087 953 2130 ι
969 2087 1016 2129 π
1030 2066 1067 2130 ό
1082 2071 1168 2146 δη
1183 2088 1229 2131 ς.
1321 2067 1511 2145 Γένης
1572 2067 1842 2146 Γὲνητος
1901 2068 1939 2131 Γ
1953 2088 1983 2132 ε
1998 2089 2034 2132 ν
2049 2067 2087 2144 ή
2100 2088 2135 2130 τ
2150 2088 2188 2144 η
2204 2087 2234 2132 ς
2294 2067 2478 2146 λιμὴν
2534 2067 2637 2130 καὶ
2680 2066 2971 2145 ποταμὸς

385 2168 850 2232 Καππαδοκίας.
939 2168 1014 2232 τὸ
1072 2170 1144 2233 δὲ
1202 2169 1281 2232 ἐθ
1295 2188 1326 2232 ε
1343 2171 1377 2231 λ
1392 2188 1430 2232 ο
1443 2189 1527 2232 ντ
1539 2170 1577 2246 ή
1591 2190 1622 2233 ς
1689 2169 1819 2233 ἀπὸ
1887 2173 2005 2233 τοῦ
2070 2169 2413 2233 ἐθέλοντος
2477 2169 2579 2233 καὶ
2621 2169 2721 2239 ,ἑκ
2733 2189 2770 2231 o
2786 2189 2823 2232 ν
2837 2188 2871 2231 τ
2886 2169 2923 2246 ή
2939 2190 2969 2232 ς
3061 2194 3070 2201 ·

381 2269 513 2334 ἀπὸ
559 2272 675 2333 τοῦ
722 2270 986 2336 ἑκόντος
1030 2273 1283 2347 γενικῆς
1328 2273 1617 2352 μετοχῆς.
1705 2256 1780 2336 τὸ
1826 2273 1899 2336 δὲ
1943 2293 1981 2336 ν
1995 2293 2026 2337 ε
2041 2292 2078 2336 ο
2092 2292 2185 2336 πτ
2198 2291 2235 2334 ο
2248 2291 2285 2349 ρ
2298 2275 2335 2333 θ
2349 2272 2388 2349 ή
2403 2292 2435 2334 ς
2489 2272 2663 2350 παρὰ
2707 2272 2781 2335 τὸ
2828 2271 2970 2335 νεό-

380 2377 660 2450 πτορθος
707 2373 808 2435 καὶ
853 2395 899 2437 π
915 2393 952 2437 ο
969 2376 1003 2436 λ
1019 2394 1056 2436 υ
1073 2395 1107 2436 κ
1125 2375 1158 2435 λ
1174 2394 1216 2436 α
1232 2373 1320 2451 δή
1336 2394 1367 2437 ς
1410 2374 1585 2451 παρὰ
1628 2374 1705 2438 τὸ
1749 2373 2160 2439 πολύκλαδος
2204 2372 2542 2439 ὀξύνονται
2584 2374 2675 2437 ὡς
2706 2374 2808 2438 διὰ
2852 2377 2970 2437 τοῦ

380 2474 493 2538 ὄυῖ
538 2474 893 2554 κλινόμενα.
1311 2513 1315 2516 >
3004 2488 3074 2537 20

548 2576 641 2640 Τὰ
686 2576 774 2641 εἰς
819 2581 893 2655 ἠς
939 2577 1194 2642 ἐπίθετα
1239 2578 1412 2656 παρὰ
1457 2577 1623 2657 ῥῆμα
1669 2578 1934 2643 ςύνθετα
1978 2578 2066 2643 εἰς
2110 2584 2227 2643 ὀῦς
2273 2582 2589 2644 ποιοῦντα
2642 2580 2759 2656 τὴν
2801 2597 2969 2653 γενι-

379 2680 494 2758 κὴν
541 2678 860 2761 ὀξύνεται,
908 2680 1258 2762 εὐςεβής,
1304 2680 1624 2761 ἀςεβής,
1678 2681 2041 2763 εὐλαβής,
2098 2682 2515 2763 θεοφιλής,
2570 2681 2967 2760 αὐτοςφα-

379 2802 418 2857 γ
432 2782 470 2860 ή
486 2803 517 2846 ς
528 2831 547 2864 ,
594 2782 736 2861 άνη
754 2785 882 2858 λεγ
899 2784 934 2862 ή
952 2804 1012 2866 ς,
1060 2784 1213 2849 ὅθεν
1258 2784 1333 2848 τὸ
1392 2811 1417 2838 «
1437 2783 1636 2848 νίςςετ
1652 2784 1666 2805 ³
1712 2784 2076 2862 ἀνηλεγέως
2091 2811 2116 2840 »
2173 2782 2419 2869 (Apoll.
2465 2782 2679 2847 Rhod.
2713 2785 2765 2849 Α
2797 2782 2968 2864 785),

380 2885 748 2966 δυςηχής,
806 2906 904 2949 πο
927 2886 1249 2968 λυηδής,
1298 2887 1749 2968 λαθικηδὴς,
1796 2886 2315 2970 οἰνοπληθής,
2360 2887 2689 2968 ἀληθής,
2745 2885 2967 2950 ἀναι-

380 2986 545 3068 δής,
614 2988 992 3069 θυμαρής,
1068 2988 1385 3070 δυςαής,
1460 2989 1831 3070 ζαχρηής,
1907 2990 2473 3072 πολυςπειρής,
2546 2989 2967 3070 νεοαρδής,
3005 3001 3070 3050 25

382 3177 515 3184 W
536 3179 595 3184 -j>
618 3178 675 3185 “-

514 3294 549 3344 1.
591 3299 615 3345 1
664 3293 933 3361 ἀργεςτὴς
977 3302 1429 3348 commemoratur
1472 3299 1636 3348 etiam
1688 3297 1743 3348 in
1790 3295 1856 3351 ΙΙ.
1897 3298 1986 3349 Pr.
2024 3297 2068 3348 Λ
2105 3299 2232 3361 306,
2278 3297 2423 3347 unde
2473 3296 2639 3347 verba
2673 3296 2969 3347 Homerica

380 3362 623 3413 adiunxi.
694 3364 757 3413 B.
804 3365 875 3414 M.
926 3367 1048 3426 136,
1086 3366 1152 3414 26
1195 3364 1490 3430 distinguit
1532 3366 1676 3415 inter
1720 3366 2056 3416 adiectivum
2102 3373 2158 3415 et
2203 3367 2507 3432 proprium:
2557 3363 2853 3430 Ἀργέςτης
2897 3365 2968 3414 τὸ

380 3429 572 3494 κύριον
610 3431 908 3496 βαρύνεται
942 3429 1066 3484 οἷον
1104 3431 1448 3496 ((Ἀργὲςταο
1495 3432 1776 3497 παράςςον
1821 3431 2218 3486 ἐπιπνείοντος
2265 3433 2512 3501 ἔβηςαν»
2550 3432 2751 3498 (Apoll.
2791 3434 2967 3483 Rhod.

381 3497 420 3550 Β
456 3498 599 3564 961),
637 3500 735 3549 sed
771 3501 850 3551 ibi
884 3502 1143 3550 scribitur
1177 3498 1450 3564 ἀργεςτᾶο
1489 3504 1653 3552 etiam
1688 3506 1744 3551 iu
1784 3503 1963 3553 Schol.
2152 3504 2188 3552 1.
2225 3506 2259 3552 4
2293 3519 2557 3553 canonem
2595 3502 2661 3552 cle
2697 3517 2864 3567 ηςτης
2903 3518 2969 3551 ex

379 3567 442 3616 n.
478 3569 567 3618 Pr.
602 3566 646 3619 Λ
681 3571 781 3617 454
818 3569 943 3619 coll.
980 3567 1023 3620 Χ
1060 3572 1141 3631 6ῖ,
1181 3567 1225 3619 Ω
1261 3574 1326 3620 82
1366 3572 1573 3634 recepi3
1611 3571 1758 3636 apud
1796 3570 1994 3621 Arc-ad.
2034 3588 2084 3635 p.
2121 3574 2215 3633 26,
2254 3574 2282 3622 7
2333 3572 2452 3622 loco
2498 3585 2606 3620 nou
2653 3581 2782 3637 apto
2830 3571 2970 3620 haec

379 3641 589 3685 tantum
628 3641 877 3686 exstant:
915 3636 985 3689 τὰ
1022 3635 1101 3688 είς
1136 3640 1267 3702 ῖτης
1296 3638 1690 3701 πολυςύλλαβα
1713 3637 1989 3702 ὀξύνεται,
2027 3638 2336 3705 τευχηςτής
2361 3636 2636 3704 ὀρχηςτής
2661 3637 2968 3704 ἅλ’φηςτής.

379 3704 447 3753 cs.
482 3704 620 3754 Lob.
658 3704 863 3758 Parall.
902 3722 951 3771 p.
987 3708 1089 3757 448
1126 3722 1299 3771 seqq„
1337 3706 1513 3757 Lehrs
1548 3709 1713 3758 Arist.
1752 3725 1803 3773 p.
1843 3707 1991 3758 300².
2141 3709 2176 3763 l.
2203 3713 2234 3758 9
2273 3723 2539 3758 canonem
2563 3708 2787 3758 Arcadii
2811 3725 2860 3774 p.
2884 3711 2968 3765 25,

379 3791 471 3850 24,
508 3789 601 3840 ubi
648 3791 898 3854 sequitur
942 3806 1207 3841 canonem
1254 3790 1321 3840 de
1367 3792 1678 3843 nominibus
1723 3793 1779 3842 in
1828 3793 2004 3858 ωδης,
2053 3793 2161 3843 huc
2195 3794 2515 3859 transposui
2553 3797 2609 3843 et
2645 3793 2864 3859 explevi
2902 3809 2968 3841 ex

380 3857 576 3906 Choer.
613 3861 695 3915 51,
731 3860 781 3920 6,
818 3858 964 3908 unde
1006 3856 1236 3924 Ἀράξης
1272 3858 1550 3924 Λαπίθης,
1591 3857 1893 3926 εἰςπνήλης
1932 3860 2334 3927 ἀγκυλοχείλης
2372 3864 2576 3927 sumpsi
2612 3862 2861 3912 adhibito
2900 3862 2969 3910 ad

384 3924 613 3990 Ἀράξης
650 3926 728 3976 St.
756 3929 820 3980 B.
852 3930 965 3990 109,
992 3929 1024 3976 6
1061 3933 1117 3977 et
1151 3928 1221 3978 ad
1259 3925 1511 3993 Λαπίθης
1547 3930 1739 3979 eodem
1776 3933 1895 3992 412,
1923 3933 2005 3993 10,
2043 3946 2110 3980 ex
2148 3930 2342 3980 eodem
2381 3933 2495 3990 131,
2521 3932 2584 3979 21
2624 3935 2754 3980 sunt
2781 3927 2968 3981 Ἀςκά-

381 3994 507 4060 λης,
546 3991 823 4060 δαμάλης,
861 3993 1130 4060 Χαράξης.
1197 3995 1441 4047 Alteram
1479 4003 1690 4061 partem
1727 3998 1792 4048 de
1832 4000 2146 4050 nominibus
2192 4015 2226 4048 a
2263 4001 2522 4064 genetivo
2559 3993 2970 4049 trans'formatis

380 4064 617 4128 prompsi
655 4078 723 4113 ex
761 4064 956 4113 Choer.
1004 4071 1061 4113 et
1095 4063 1350 4114 Eustatb.
1390 4066 1539 4121 1084,
1578 4069 1669 4126 31,
1717 4082 1878 4131 quem
1917 4068 2094 4117 locum
2139 4069 2247 4116 iarn
2285 4064 2477 4130 supro..
2521 4067 2619 4117 ubi
2657 4066 2722 4115 de
2759 4064 2968 4128 γενειό-

381 4130 479 4194 λης
517 4129 795 4196 φαινόλης
831 4148 1007 4184 sermo
1046 4133 1169 4194 fuit,
1206 4134 1489 4198 proposui,
1529 4132 1770 4199 Γενήτης
1808 4139 1894 4185 est
1930 4152 1998 4185 ex
2036 4137 2113 4186 St.
2149 4136 2211 4184 B.
2247 4137 2365 4196 202,
2406 4136 2485 4188 16.
2628 4136 2663 4184 l.
2705 4135 2766 4183 18
2801 4133 2871 4183 τὸ
2908 4133 2967 4182 δὲ

381 4198 729 4264 νεοπτορθής
766 4213 938 4265 usque
973 4199 1043 4251 ad
1080 4200 1241 4251 finem
1277 4207 1406 4252 sunt
1443 4219 1510 4252 ox
1548 4203 1744 4253 Choer.
1957 4204 1992 4253 l.
2031 4207 2097 4256 23
2142 4201 2421 4268 ἀνηλεγής
2459 4202 2649 4252 addidi
2685 4219 2752 4254 ex
2791 4201 2969 4251 Sehol.

378 4268 551 4332 Apoll.
598 4268 773 4323 ahod.
820 4268 864 4320 Α
914 4271 1038 4320 785:
1084 4266 1444 4333 ἀπηλεγέως;
1494 4268 1618 4320 ἀντὶ
1663 4275 1767 4323 τοῦ
1807 4269 2125 4334 ςυντόμως,
2164 4270 2553 4335 ἀποφατικῶς.
2625 4269 2968 4335 Ἡρωδιανὸς

378 4336 438 4385 δὲ
475 4334 537 4385 ἐν
573 4333 749 4402 τρίτῳ
786 4338 889 4401 τῆς
927 4336 1172 4389 καθόλου
1210 4337 1534 4402 ἀνηλεγέως
1571 4337 1706 4405 φηςί
1752 4347 1809 4392 et
1847 4339 1887 4392 Β
1916 4337 2014 4390 ’17ε
2053 4338 2496 4404 ἀπηλεγέοντες;
2538 4338 2570 4390 ὁ
2606 4337 2668 4391 δὲ
2693 4339 2968 4404 ΙἩρωδια-

378 4402 476 4454 νὸς
523 4403 847 4469 ἀνηλεγέως
892 4406 1026 4471 φηςὶ
1073 4405 1160 4457 διὰ
1204 4410 1308 4458 τοῦ
1346 4424 1379 4457 ν
1427 4407 1489 4458 ἐν
1524 4410 1610 4473 τῷ
1658 4399 1708 4470 γ’
1752 4410 1856 4472 τῆς
1903 4407 2164 4460 καθόλου.
2235 4407 2475 4473 δυςηχής
2522 4408 2718 4458 Choer.
2753 4412 2848 4468 55,
2893 4412 2968 4458 15.

380 4472 668 4538 πολυηδής
703 4477 786 4535 55,
822 4477 909 4535 32,
945 4473 1247 4540 λαθικηδής
1286 4475 1377 4538 (de
1415 4491 1523 4540 quo
1560 4477 1622 4526 Ε.
1660 4479 1732 4528 Μ.
1768 4478 1897 4538 555,
1936 4481 1969 4527 3
2005 4475 2304 4541 λαθικηδὴς
2342 4474 2494 4539 παρὰ
2527 4475 2598 4526 τὸ
2636 4475 2790 4541 κήδω
2828 4475 2968 4538 μετὰ

377 4543 481 4591 τοῦ
519 4540 678 4605 λήθω
714 4539 928 4603 γίνεται
964 4542 1205 4595 ἄλυπος·
1253 4543 1510 4596 ὀξύνεται
1557 4543 1618 4594 δὲ
1663 4544 1750 4595 ὅτι
1789 4544 1942 4609 παρὰ
1979 4544 2128 4609 ῥῆμά
2171 4545 2286 4596 ἑςτι
2331 4544 2646 4609 βαρυτόνου
2682 4544 2752 4595 τὸ
2789 4543 2966 4609 κήδω“

379 4608 427 4659 εί
461 4607 567 4674 γὰρ
604 4607 676 4672 ῆν
714 4609 864 4674 παρὰ
899 4611 969 4663 τὸ
1005 4612 1173 4677 κῆδος
1218 4611 1525 4677 ἐβαρύνετο
1569 4611 1640 4662 ἂν
1686 4612 1764 4663 ώς
1811 4612 1963 4676 παρὰ
2007 4612 2078 4664 τὸ
2125 4616 2298 4678 μῆκος
2346 4611 2594 4677 εὐμήκης
2629 4610 2968 4677 «λαθικηδέα

381 4676 587 4738 μαζόν»
622 4676 691 4742 (Χ
727 4681 844 4742 83),
884 4680 1183 4745 λαθικήδεα
1229 4685 1493 4747 seriptum
1541 4688 1627 4730 est
1672 4683 1728 4731 in
1775 4682 1966 4733 Alc-aei
2014 4683 2209 4747 fragm.
2253 4685 2345 4744 41,
2392 4686 2424 4731 3
2469 4683 2542 4734 cf.
2589 4681 2849 4731 Solnmidt.
2895 4682 2967 4729 ad

382 4747 513 4795 Hes.
550 4763 591 4797 s.
629 4749 723 4809 xz),
762 4745 1106 4814 οἰνοπληθής
1145 4767 1212 4798 ex
1247 4750 1312 4799 ΙΙ.
1347 4753 1436 4801 Pr.
1478 4749 1520 4802 Ν
1559 4752 1640 4806 63,
1680 4749 1893 4815 ἀληθής
1930 4751 2179 4815 Theogn.
2215 4754 2309 4805 44.
2349 4753 2438 4806 12,
2486 4749 2713 4814 ἀναιδής
2753 4750 2975 4811 choen-,3

380 4814 628 4880 θυμαρής
666 4833 731 4866 ex
769 4816 832 4865 11.
865 4817 982 4876 Pr„
1020 4817 1221 4883 δυςαής
1260 4818 1323 4868 ΙΙ.
1361 4821 1448 4869 Pr.
1486 4819 1530 4870 Λ
1568 4820 1697 4880 297,
1740 4818 1985 4885 ζαχρηής
2023 4818 2089 4869 ll.
2130 4821 2216 4874 Pr,
2253 4817 2312 4871 Μ
2349 4823 2475 4869 36οε
2522 4821 2776 4883 ζαχρηεῖς
2816 4832 2966 4883 περι-

381 4882 655 4934 ςπαςτέον
680 4883 759 4934 ὡς
796 4883 1043 4948 εὐγενεῖς
1083 4886 1171 4950 (dn
1210 4888 1477 4953 scriptura
1514 4904 1612 4953 por
1648 4890 1681 4951 ῆ
1722 4892 1777 4936 οι.
1814 4902 1859 4937 ει
1899 4891 1968 4938 cs.
1997 4889 2132 4939 Lol».
2161 4888 2246 4942 El.
2272 4889 2324 4939 11
2352 4891 2458 4952 53),
2497 4885 2876 4953 πολυςπειρής
2904 4915 2968 4923 --
