3664 5546
594 296 723 361 360
1532 294 1615 348 εκ
1653 294 1792 347 mu
1837 292 2243 348 ΗΡΩΔιΑΝοΥ

898 465 1198 544 Δωρίδος
1243 464 1311 529 ἐκ
1354 465 1599 543 πάτρη(
1645 463 1915 546 βλαςτόν
1959 462 2023 527 τ’
2052 462 2211 528 ἄπο·
2258 467 2387 529 τῶν
2432 462 2554 542 γάρ
2600 462 2876 543 ἄτλητον

999 571 1221 646 μῶμον
1268 567 1791 646 ὑπεκπροφυγὼν
1840 565 2123 644 Θούριον
2170 565 2313 644 ἔςχε
2357 565 2621 645 πάτρην.

596 670 862 748 Τείρια
907 669 1091 733 πόλις
1134 668 1569 747 Λευκοςύρων.
1626 667 1951 732 Ἑκαταῖος
1981 667 2165 750 Ἀςίᾳ.
2223 667 2609 747 Τέμβριον
2655 667 2841 731 πόλις
2885 667 3187 746 Φρυγίας.

600 771 810 850 Χάραξ
856 772 927 834 δὲ
970 770 1289 851 Τύμβριον
1335 770 1535 847 αὐτήν
1582 790 1749 849 φηςι.
1839 769 2255 847 Ἀλέξανδρος
2309 770 2379 833 δὲ
2424 768 2788 849 Τεμβρίειόν
2845 790 3035 848 φηςιν
3094 770 3189 833 ώς

536 884 568 933 5
603 869 641 935 Γ
645 871 966 949 ορδίειον.,
1038 872 1364 936 Τίνδιον
1430 871 1615 934 πόλις
1680 869 1925 951 Λιβύης.
2024 869 2420 947 Τράλλιον
2494 869 2680 934 πόλις
2749 871 3068 952 Βιθυνίας,
3145 872 3186 947 ἢ

598 973 852 1049 καθήκει
909 972 1074 1050 πρὸς
1117 974 1234 1037 τὸν
1281 972 1659 1051 Ἀςτακηνὸν
1705 971 1969 1035 κόλπον.
2057 971 2290 1035 Ὕπια
2343 971 2462 1050 ὄρη
2520 971 2647 1035 ὑπὸ
2702 974 2819 1050 τὴν
2861 971 3187 1049 Ποντικὴν

598 1074 1006 1155 Ἡράκλειαν,
1065 1075 1156 1138 ὡς
1204 1074 1453 1153 Νύμφις
1499 1074 1569 1139 ἐν
1615 1074 1854 1154 πρώτῳ
1899 1072 2046 1150 περὶ
2088 1071 2473 1150 Ἡρακλείας.
2561 1072 2855 1137 Φάκιον
2913 1072 3190 1151 πόλιςμα

600 1174 954 1240 Θεςςαλίας.
1031 1176 1422 1253 Θουκυδίδης
1468 1174 1523 1237 δ’
1568 1175 1649 1256 (ο.
1697 1173 1821 1255 78).
1898 1172 2228 1238 Φοίτιον
2277 1174 2463 1238 πόλις
2509 1174 2934 1251 Ἀκαρνανίας.
3010 1174 3186 1251 λε’γε-

598 1296 699 1341 ται
745 1276 847 1340 καὶ
889 1276 1150 1340 Φοιτίαι.
1238 1275 1563 1353 Φρίκιον
1621 1275 1776 1354 ὄρος
1834 1275 1994 1353 ὑπὲρ
2052 1274 2491 1353 Θερμοπυλῶν
2535 1276 2879 1358 Λοκρικόν,
2936 1274 3062 1355 ἀφ’
3106 1274 3186 1339 οὗ

500 1390 564 1440 10
598 1380 906 1457 Φρικᾶνες
961 1380 1064 1442 καὶ
1116 1378 1450 1455 Φρικανεῖς
1506 1377 1570 1442 οἱ
1623 1376 1844 1441 αὐτόθι
1912 1375 2277 1454 οἰκήςαντες
2328 1376 2607 1457 Αἰολεῖς,
2677 1377 2768 1441 ὡς
2821 1377 3187 1442 Ἑλλάνικος

600 1481 671 1544 ἐν
715 1480 965 1558 ἱερειῶν
1009 1480 1210 1557 Ἥρας
1258 1470 1324 1559 β’.
1402 1479 1633 1558 ἐκλήθη
1679 1480 1752 1543 δὲ
1806 1476 1938 1542 ἀπὸ
1983 1477 2243 1555 Φρικίου
2298 1482 2414 1542 τοῦ
2464 1478 2857 1559 Κενταύρου,
2909 1479 2987 1543 ὃν
3032 1478 3185 1543 ἀπέ-

599 1601 842 1646 κτεινεν
908 1580 1237 1658 Ἡρακλῆς.
1344 1583 1624 1644 καλεῖται
1690 1579 1793 1643 καὶ
1856 1578 2184 1660 Φρίκειον,
2262 1579 2300 1643 ὃ
2366 1579 2466 1643 καὶ
2531 1578 2735 1658 Δρίος
2800 1579 3185 1658 ὠνομάζετο.

601 1683 906 1761 Φρύγια
948 1682 1150 1745 τόπος
1196 1682 1423 1760 μεταξὺ
1469 1680 1775 1744 Βοιωτίας
1819 1681 1923 1743 καὶ
1965 1679 2260 1757 Ἀττικῆς.
2339 1681 2626 1758 Χήςιον
2679 1681 3016 1760 πολίχνιον
3062 1682 3185 1745 Ἰω-

601 1783 771 1865 νίας,
819 1783 910 1847 ώς
956 1782 1449 1859 Ἀπολλόδωρος
1496 1782 1565 1846 ἐν
1611 1786 1934 1860 χρονικῶν
1978 1782 2234 1866 πρώτῳ.
2299 1782 2579 1846 Ψίλιον
2624 1783 2913 1861 ποταμὸς
2959 1783 3188 1860 μεταξὺ

498 1896 566 1948 15
605 1885 839 1950 Θυνίας
884 1884 985 1947 καὶ
1031 1883 1333 1947 Βιθυνίας.
1423 1883 1731 1962 Δομίτιος
1781 1882 2239 1961 Κάλλίςτρατος
2285 1884 2355 1947 ἐν
2399 1883 2589 1965 τρίτῳ
2633 1885 2779 1962 περὶ
2822 1883 3190 1962 Ἡρακλείας

605 1985 1168 2064 «ἐγκυριεύςαντος
1225 1983 1356 2049 ἀπὸ
1414 1988 1531 2050 τοῦ
1589 1983 1924 2062 (Σαγγάρου
1990 1985 2231 2062 χωρίου
2300 1984 2483 2049 ἐντὸς
2538 1988 2655 2048 τοῦ
2711 1985 2938 2049 Ψιλίου
2992 2006 3190 2049 ποτα-

602 2091 786 2167 μοῡ».
875 2086 1174 2165 Ψύχιον
1219 2085 1421 2150 τόπος
1472 2085 1741 2167 Κρήτης,
1787 2086 1858 2149 ἐν
1903 2087 1941 2168 ᾖ
1988 2085 2173 2150 πόλις
2228 2085 2308 2163 ἦν
2354 2086 2710 2165 ὁμώνυμος.
2784 2085 3190 2166 Πόρθμιον

602 2189 706 2253 καὶ
747 2187 1043 2266 Πορθμία
1096 2188 1272 2267 κώμη
1332 2186 1435 2252 ἐπὶ
1489 2193 1582 2271 τῷ
1641 2186 1896 2265 ςτόματι
1953 2190 2063 2264 τῆς
2112 2187 2475 2251 Μαιώτιδος
2522 2188 2755 2266 λίμνης.
2847 2188 3189 2252 Μέντιον

600 2276 680 2355 τὸ
726 2288 899 2367 ὄρος.
1386 2335 1419 2372 q

499 2402 569 2451 20
774 2391 869 2455 Τὰ
926 2389 1031 2454 διὰ
1083 2392 1201 2453 τοῦ
1260 2394 1406 2453 *Vt-ov
1465 2389 1700 2468 ἔχοντα
1755 2390 1883 2468 πρὸ
1950 2392 2066 2454 τοῦ
2121 2392 2159 2453 V
2225 2389 2574 2469 ςύμφωνον
2640 2390 3192 2469 προπαροξύνεται

526 2485 534 2492 ’
603 2492 798 2571 χωρὶς
843 2491 897 2554 εἰ
942 2492 1023 2570 μὴ
1071 2492 1210 2569 ἔχοι
1255 2492 1292 2571 ἡ
1339 2489 1560 2571 πρώτη
1605 2493 1681 2556 τὸ
1728 2496 1769 2554 ἆ
1825 2492 1907 2570 μὴ
1954 2492 2097 2569 μεθ’
2144 2491 2368 2570 ἑτέρου
2412 2492 2793 2571 φωνήεντος
2839 2493 2994 2571 μηδὲ
3038 2494 3193 2569 μετὰ

604 2594 969 2673 ςυμφώνων
1015 2593 1173 2655 κατὰ
1218 2591 1564 2675 ςύλληψιν,
1621 2592 1777 2657 ἄνευ
1834 2598 1965 2656 τῶν
2021 2594 2554 2674 ύποκοριςτικῶν,
2613 2593 3025 2672 ποίμνιον,
3072 2592 3193 2656 δέ-

605 2714 862 2776 μνιον,
919 2692 1329 2775 παίγνιον,
1385 2694 1461 2757 τὸ
1506 2693 1629 2771 γὰρ
1675 2699 1716 2755 ἃ
1761 2693 1880 2756 οὐκ
1925 2693 2051 2758 ἔςτι
2099 2693 2334 2776 μόνον,
2393 2692 2722 2759 ςάννιον
2778 2694 2854 2757 τὸ
2912 2693 3192 2757 αἰδοῖον·

603 2796 683 2860 τὰ
726 2796 849 2874 γάρ
895 2794 1207 2874 ςύμφωνά
1252 2795 1374 2860 ἑςτι
1420 2796 1597 2867 κατὰ,
1623 2795 1956 2860 διάςταςιν.
2025 2796 2363 2875 φὲρνιον
2408 2796 2447 2873 ἡ
2492 2796 2714 2874 ςπυρὶς
2757 2799 2888 2860 τῶν
2934 2796 3194 2876 ἰχθύων,

502 2911 569 2960 25
604 2897 903 2979 ἴχνιον,
946 2897 1285 2974 κέρνιον.
1373 2897 1447 2960 τὸ
1495 2897 1567 2960 δὲ
1610 2895 1892 2975 ἀμνίον
1938 2897 2361 2975 παροξύνεται
2407 2898 2627 2961 καὶτὸ
2676 2895 3067 2974 ςκυμνίον.

772 2998 867 3061 Τὰ
913 2998 1018 3063 διὰ
1061 3001 1177 3063 τοῦ
1222 3003 1325 3061 ἢν
1370 2989 1750 3076 τριςύλλαβα
1795 2997 2032 3076 ἔχοντα
2078 2997 2437 3077 δίφθογγον
2485 2998 2554 3063 ἐν
2597 3004 2675 3081 τῇ
2706 2996 2990 3080 ἀρχούςῃ
3032 3018 3193 3076 προ-

606 3099 1060 3180 παροξύνεται,
1127 3099 1208 3177 μὴ
1274 3097 1434 3163 ὄντα
1500 3081 1983 3181 ὑποκοριςτικά,
2051 3099 2480 3188 φρούριον,
2548 3099 2963 3179 παίγνιον,
3022 3097 3193 3162 ποί-

607 3218 867 3281 μνιον,
915 3198 1279 3280 (ούνιον,
1325 3197 1627 3281 Αἴγιον,
1675 3199 1955 3264 αὔλιον
2000 3201 2039 3278 ἡ
2087 3200 2156 3274 ἐν
2201 3183 2339 3264 τοῖς
2384 3199 2610 3278 άγροῑς
2655 3199 2921 3280 οἷκηςις,
2969 3199 3193 3263 πλαί-

608 3321 778 3364 ςιον
823 3300 863 3378 ἡ
908 3301 1451 3378 τετραγωνοειδὴς
1495 3305 1626 3364 τῶν
1672 3306 2074 3379 ςτρατιωτῶν
2121 3301 2421 3367 ςύνταξις.
2509 3301 2740 3377 γέγονε
2785 3302 2857 3364 δὲ
2902 3301 3076 3378 παρὰ
3120 3303 3193 3364 τὸ

506 3416 573 3467 30
606 3401 806 3465 πέλας
861 3400 1163 3464 πελάςιος
1230 3401 1333 3464 καὶ
1394 3408 1677 3483 ςυγκοπῇ
1741 3401 2010 3465 πλάςιος
2064 3402 2163 3466 καὶ
2219 3405 2599 3484 πλεοναςμῷ
2651 3405 2769 3465 τοῦ
2814 3405 2845 3464 ἶ
2888 3401 3193 3466 πλαίςιος.

607 3503 684 3565 τὸ
730 3506 802 3564 δὲ
847 3499 1245 3583 ςχοινίον,
1289 3503 1666 3579 κρουνίον
1715 3503 2182 3581 ὑποκοριςτικά.
2824 3570 2833 3579 ,

777 3622 814 3656 οε
864 3602 959 3665 Τὰ
1003 3602 1108 3665 διὰ
1150 3605 1268 3665 τοῦ
1311 3604 1463 3666 W
1505 3603 1887 3683 τριςύλλαβα
1931 3604 2168 3683 ἔχοντα
2210 3608 2249 3681 ἦ
2297 3604 2366 3669 ἐν
2412 3609 2488 3688 τῆ,
2534 3604 2815 3688 ἀρχούςῃ
2847 3605 3196 3682 παροξύνε-

609 3722 742 3781 ται,
792 3701 1048 3784 ἡνίον,
1097 3703 1496 3781 ςπληνίον.
1584 3706 1660 3769 τὸ
1707 3705 1777 3767 δὲ
1824 3703 2067 3770 ώνιον
2112 3707 2685 3785 προπαροξύνεται.
3037 3721 3061 3732 “

748 3855 783 3904 1.
823 3857 886 3903 21
924 3853 986 3915 μ’
1035 3859 1167 3904 ante
1206 3854 1339 3916 μεθ’
1373 3855 1583 3905 inserui
1629 3872 1747 3905 cum
1787 3856 2052 3909 Schmidt.
2099 3862 2157 3908 et
2202 3859 2435 3924 apposui
2487 3860 2655 3909 verba
2701 3825 2841 3923 μηδὲ.
2884 3855 3026 3919 μετὰ
3072 3871 3197 3918 ςυμ-

610 3919 831 3984 φώνων
869 3935 972 3971 κατ
1047 3920 1321 3986 ςύλληψιν
1359 3926 1581 3988 propter
1617 3921 1841 3974 ςάννιον
1878 3940 1966 3990 ap.
2005 3926 2251 3990 Theogn.
2293 3930 2408 3988 123,
2446 3929 2495 3988 7,
2532 3926 2650 3977 ubi:
2698 3925 2770 3977 τὰ
2813 3923 2901 3976 διὰ
2936 3927 3040 3975 τοῦ
3079 3927 3199 3973 νῇ

609 3987 947 4053 τριςύλλαβα
986 3992 1264 4053 μονογενῆ
1293 3989 1789 4055 προπαροξύτονα,
1829 3992 2034 4055 ἔχοντα
2069 3994 2176 4057 τὴν
2213 3991 2411 4058 τρίτην
2449 3992 2562 4044 ἀπὸ
2599 3991 2799 4044 τέλους
2836 3991 2924 4044 διὰ
2947 3991 3048 4043 δύο
3073 4005 3198 4052 ςυμ-

611 4054 830 4120 φώνων
876 4055 1261 4135 διειργομὲνην
1306 4055 1451 4107 κατὰ
1487 4057 1761 4122 ςύλληψιν
1797 4059 1832 4122 ἢ
1873 4059 2016 4111 κατὰ
2051 4059 2328 4113 διάςταςιν
2364 4060 2555 4111 ὄντων
2591 4059 2679 4111 διὰ
2714 4064 2817 4111 τοῦ
2858 4064 2888 4110 ῖ
2926 4057 3198 4123 γράφεται
3301 4064 3320 4071 ·

613 4121 739 4175 οἷον
775 4123 1027 4188 δέμνιον,
1081 4138 1370 4188 παιγνιον,
1417 4122 1622 4188 ἴχνιον,
1671 4124 1905 4189 φέρνιον
1950 4127 1984 4190 ἡ
2025 4126 2245 4191 ςπυρίς,
2292 4127 2516 4179 ςάννιον
2559 4126 2629 4178 τὸ
2676 4125 2916 4190 αἰδοῖον,
2966 4126 3199 4190 κέρνιον.

609 4192 757 4241 Hinc
795 4196 1017 4256 praeter
1053 4189 1278 4243 ςάννιον
1316 4194 1522 4256 sumpsi
1557 4191 1762 4257 ἷχνιον,
1811 4194 1877 4243 de
1915 4210 2021 4259 quo
2060 4211 2251 4260 supra,
2301 4201 2359 4245 et
2404 4195 2638 4260 κέρνιον.
2711 4197 2793 4245 De
2832 4194 3065 4258 φέρνιον
3101 4194 3199 4243 eft.

611 4259 797 4310 Iacobi
841 4256 1100 4310 Eustath.
1143 4261 1268 4318 742,
1306 4261 1371 4309 58
1418 4265 1475 4310 et
1521 4263 1763 4310 Ammon.
1814 4277 1869 4325 p.
1910 4264 2021 4311 144.
2071 4289 2133 4298 —
2182 4264 2267 4313 De
2312 4261 2515 4326 ἀμνίον
2561 4265 2632 4312 cf.
2683 4262 2863 4314 Schol.
2913 4262 2984 4312 ad
3032 4262 3133 4312 Od.
3167 4275 3204 4322 γ

609 4328 735 4375 444:
774 4323 973 4388 ἀμνίον
1011 4323 1090 4376 ὡς
1127 4321 1361 4391 πῆνίον,
1413 4343 1532 4377 oum
1579 4344 1686 4392 quo
1734 4328 1851 4378 fere
1898 4345 2000 4379 con
2041 4337 2204 4380 ruunt
2240 4332 2343 4395 Ep.
2371 4331 2458 4384 Cr.
2500 4332 2524 4381 1
2561 4332 2643 4391 81,
2682 4333 2764 4379 24.
2907 4330 2942 4379 1.
2966 4330 3032 4378 28
3069 4325 3202 4380 Εοὺ·

612 4406 735 4443 νιον
771 4391 962 4455 Αἴγιον
999 4394 1235 4458 apposui
1272 4410 1339 4443 ex
1375 4394 1622 4459 Theogn.
1662 4398 1783 4454 123,
1824 4399 1912 4457 13,
1958 4411 1992 4447 α
2034 4397 2154 4447 λιον
2201 4413 2269 4447 ex
2305 4399 2386 4447 St.
2427 4399 2488 4451 Β.
2529 4413 2572 4447 s.
2619 4396 2792 4462 αὐλή,
2845 4392 3099 4447 πλαίςιον
3136 4412 3204 4446 ex

612 4460 880 4526 Theogn.‚
920 4477 986 4510 ex
1022 4461 1086 4510 E.
1125 4461 1197 4510 M.
1233 4463 1359 4518 674,
1397 4463 1489 4524 44,
1536 4463 1631 4512 ubi
1671 4468 1892 4513 exstant
1936 4466 2105 4515 verba
2152 4468 2402 4529 ςυγκοπῇ
2451 4463 2679 4515 πλάςιος
2725 4461 2843 4526 καί,
2892 4463 3202 4525 emendato,

615 4543 720 4592 quo
758 4528 876 4577 loco
915 4527 1120 4578 diserte
1158 4528 1365 4579 dicitur
1400 4528 1588 4580 οὕτως
1626 4529 1969 4593 Ἡρωδιανὸς
2005 4530 2068 4582 ἐν
2103 4535 2174 4596 τῇ
2213 4531 2475 4583 καθόλου.
2636 4532 2669 4581 l.
2707 4534 2771 4583 32
2810 4532 3046 4596 priorem
3083 4546 3206 4595 par·

613 4599 724 4644 tem
762 4594 989 4674 canoqis
1024 4610 1198 4660 usque
1237 4596 1308 4646 ad
1345 4593 1616 4677 ςπληνίον
1655 4598 1912 4676 ειιρρῐονί
1960 4614 2027 4648 ex
2062 4600 2307 4679 Thqun.
2346 4603 2461 4662 123,
2504 4603 2593 4661 19,
2641 4615 2767 4649 nam
2809 4597 2880 4679 τό
2924 4597 2986 4649 δὲ
3032 4597 3206 4648 ὤνιον

612 4661 1249 4803 ἓὲίθῒὶῗζὶἶὲ“ἑῖιὶωῖῗῗὲ
1271 4678 1477 4788 ἐέἷῖἳῖξι
1502 4665 3206 4799 323313311'20325233222?0:3‘{{:2¹²s1‚-¹¹2¹;¹;,2„sssfftlzzffl
