3664 5546
543 1607 608 1656 10

542 2114 606 2165 15

645 371 774 435 474
1363 367 1372 372 ’
1580 374 1664 429 ΕΚ
1702 375 1843 429 ΤΩΝ
1887 375 2295 429 ΗΡΩΔΙΑΝΟΥ

647 544 943 624 νομένων
992 546 1084 629 «ᾧ
1131 545 1569 625 ἐχαριςάμην».
1636 546 1716 611 τὰ
1762 548 1832 610 δὲ
1880 547 2078 612 λοιπὰ
2121 546 2332 611 πάντα
2376 546 2748 631 ὀξύνονται,
2793 548 2863 630 ὅ,
2908 549 3077 631 τόν,
3122 549 3235 630 οἵ,

645 646 856 728 τούς,
904 647 1070 728 οὕς,
1114 647 1186 730 ἥ,
1230 648 1354 732 ἥν,
1399 650 1568 730 τήν,
1612 649 1734 732 τά,
1780 648 1837 713 ἅ.

1567 836 1764 914 Περὶ
1805 835 2316 915 ἀντωνυμίας.

812 987 996 1052 Πᾶςα
1049 989 1469 1067 πρωτότυπος
1529 988 1897 1068 ἀντωνυμία
1963 989 2135 1067 ἑνικὴ
2201 977 2480 1072 ἀπαθής,
2545 991 3034 1070 ὑπεςταλμένων
3097 997 3227 1057 τῶν

648 1091 1063 1169 καλουμένων
1108 1091 1672 1174 μονοπροςώπων,
1715 1091 2041 1158 ὀξύνεςθαι
2073 1093 2241 1157 θέλει
2272 1093 2430 1156 κατὰ
2460 1096 2665 1158 πᾶςαν
2695 1099 2933 1159 πτῶςιν
2978 1095 3048 1158 ἐν
3091 1098 3226 1159 τοῖς

643 1192 801 1288 τριςί
845 1193 1241 1278 προςώποις,
1287 1196 1455 1273 πλὴν
1500 1198 1609 1271 τῆς
1654 1194 1742 1259 εἰς
1786 1197 1869 1257 δῦ
1911 1197 2192 1277 γενικῆς,
2236 1194 2384 1270 ἐγώ
2398 1245 2417 1276 ,
2464 1196 2577 1278 ςύ,
2621 1195 2661 1258 ἵ.
2743 1195 3225 1275 ἐπεκτεινομένη

633 1294 715 1380 ,δὲ
759 1292 799 1370 ἡ
845 1294 972 1369 ἐγώ
1032 1296 1192 1374 παρ’
1235 1297 1588 1375 Ἀθηναίοις
1642 1297 1711 1361 ἐν
1767 1303 1859 1378 τῷ
1917 1296 2165 1373 ἔγωγε
2209 1297 2422 1375 τρίτην
2479 1296 2609 1361 ἀπὸ
2654 1298 2882 1362 τέλους
2939 1297 3066 1376 ἔχει
3110 1300 3225 1376 τήν

646 1393 892 1478 ὀξεῖαν,
960 1397 1050 1462 ὡς
1103 1399 1205 1461 καὶ
1270 1398 1309 1475 ἡ
1352 1398 1630 1478 ’ἔμοιγε
1688 1399 1923 1475 δοτική.
2011 1399 2051 1476 ἡ
2108 1399 2179 1462 δὲ
2236 1399 2414 1474 ςύγε
2476 1399 2781 1479 φυλάττει
2838 1401 2956 1464 τὸν
3013 1400 3223 1463 τόνον.

644 1498 982 1564 ὀξύνονται
1038 1499 1104 1563 αἱ
1157 1500 1400 1563 δοτικαὶ
1455 1503 1558 1564 καὶ
1613 1500 1938 1564 αἰτιατικαὶ
2000 1499 2126 1564 εἴτε
2182 1501 2572 1581 διςυλλάβως
2641 1500 2767 1565 εἴτε
2836 1502 3225 1580 μονοςυλλά-

646 1605 772 1679 βως
827 1602 1341 1683 προφερόμενοι,
1396 1602 1481 1680 μέ
1537 1602 1666 1682 ἐμέ
1722 1604 1796 1666 ςέ
1853 1602 1915 1684 ἕ,
1973 1603 2101 1683 μοί
2160 1601 2328 1681 ἐμοί
2386 1604 2520 1667 ςοί.
2607 1602 2647 1680 ἡ
2704 1604 2775 1667 δὲ
2837 1607 2957 1667 τοῦ
3011 1605 3225 1681 τρίτου

645 1701 718 1765 οί
776 1702 906 1781 ἔχει
963 1703 1477 1786 περιςπωμένην,
1533 1703 1883 1784 ὀφείλουςα
1942 1705 2044 1768 καὶ
2106 1703 2263 1783 αὐτὴ
2331 1703 2673 1772 ὀξύνεςθαι.
2759 1706 2840 1768 τά
2906 1706 3030 1784 γὰρ
3094 1704 3224 1769 ἀπὸ

643 1808 760 1867 τοῦ
826 1823 858 1866 ς
925 1803 1251 1884 ἀρχόμενα
1303 1807 1407 1869 καὶ
1459 1806 1540 1869 τὰ
1606 1806 1764 1870 κατὰ
1830 1805 2167 1886 ἀποβολὴν
2222 1812 2339 1871 τοῦ
2394 1809 2425 1871 ἰ
2482 1805 2613 1871 ἀπὸ
2680 1808 2999 1884 δευτέρων
3055 1807 3224 1882 γινό-

644 1925 801 1984 μενα
869 1904 1190 1984 ὁμοτονεῑ.
1297 1909 1400 1970 καὶ
1472 1907 1551 1971 τὰ
1625 1908 2102 1988 παραδείγματα
2179 1909 2518 1988 πρόκειται.
2629 1908 2693 1972 αἱ
2766 1909 3008 1984 γενικαὶ
3080 1913 3227 1987 μοῦ

644 2007 835 2085 ἐμοῦ
882 2012 1017 2072 ςοῦ
1063 2007 1154 2072 οὗ
1198 2016 1644 2087 περιςπῶνται.
1733 2009 1999 2089 εἴπομεν
2053 2011 2175 2090 γὰρ
2232 2011 2328 2075 ὅτι
2384 2010 2423 2088 ἡ
2480 2011 2584 2075 διὰ
2628 2015 2746 2074 τοῦ
2789 2015 2828 2075 i]
2875 2011 3225 2089 δίφθογγος

644 2107 1072 2188 ἀπέςτραπται
1127 2113 1243 2190 τὴν
1300 2110 1514 2179 ὀξεῖαν
1569 2111 1744 2177 τάςιν
1802 2113 1996 2190 χωρὶς
2041 2116 2152 2190 τῆς
2207 2112 2286 2177 οὔ
2330 2112 2721 2193 ἀποφάςεως
2774 2112 2876 2176 καὶ
2920 2116 3036 2176 τοῦ
3082 2112 3222 2176 ἰδού

643 2216 953 2276 δεικτικοῦ
1007 2214 1109 2276 καὶ
1163 2218 1281 2278 τοῦ
1337 2214 1439 2278 ἰού
1497 2216 1976 2292 ςχετλιαςτικοῦ.
2066 2214 2130 2278 αἱ
2184 2216 2255 2279 δὲ
2312 2214 2380 2279 ἐκ
2434 2214 2684 2279 τούτων
2742 2217 3125 2278 διαλυθεῖςαι
3182 2215 3221 2292 ἢ

642 2315 1063 2379 πλεονάςαςαι
1106 2322 1199 2398 τῷ
1243 2319 1278 2379 ῑ
1320 2316 1358 2394 ἢ
1405 2316 1563 2380 κατὰ
1606 2317 1838 2394 φωνὴν
1883 2319 2295 2395 παραχθεῑςαι
2340 2315 2430 2380 εἰς
2470 2304 2586 2382 θεν
2629 2317 2757 2395 πρὸ
2813 2320 2954 2396 μιᾶς
3011 2315 3222 2395 ἔχουςι

641 2417 757 2481 τὸν
801 2417 1000 2482 τόνον
1057 2418 1239 2498 ἐμέο
1298 2418 1545 2501 ἐμεῖο,
1603 2418 1893 2497 ἐμέθεν.
1982 2419 2021 2497 ἡ
2068 2421 2139 2483 δὲ
2184 2419 2364 2498 ἐμεῦ
2411 2420 2803 2504 ςυνῃρημένη
2858 2418 3019 2496 παρ’
3060 2418 3223 2484 Ἴωει

643 2607 1046 2614 -—--—--———--—-—-

643 2758 768 2793 nam
802 2743 1030 2793 insertis
1066 2742 1156 2793 καὶ
1193 2742 1456 2806 ψιλοῦται
1493 2743 1712 2808 explevi
1749 2759 1815 2793 ex
1852 2743 2100 2807 Theogn.
2130 2744 2251 2804 154,
2279 2745 2338 2792 11
2379 2743 2494 2793 πᾶν
2530 2740 2740 2806 ἄρθρον
2776 2741 3069 2793 δαςύνεται
3107 2739 3224 2793 ἀπὸ

643 2810 979 2875 φωνήεντος
1016 2809 1357 2875 ἀρχόμενον,
1395 2812 1464 2862 τὸ
1502 2811 1562 2861 δέ
1601 2810 1646 2861 ὦ
1684 2812 1973 2875 ψιλοῡται·
2022 2810 2125 2862 οὐκ
2160 2810 2266 2874 ἄρα
2312 2810 2520 2874 ἄρθρον
2555 2810 2625 2861 τὸ
2664 2808 2739 2874 ὧ,
2794 2813 2888 2876 qni
2932 2812 3030 2860 has
3066 2826 3225 2876 prae-

642 2884 798 2929 tenea
835 2895 1057 2941 causas,
1095 2896 1191 2929 cur
1227 2877 1272 2928 ὦ
1311 2881 1578 2930 articulus
1615 2892 1722 2929 non
1761 2881 1859 2937 sit,
1899 2880 2132 2945 profert:
2173 2881 2318 2930 πᾶςα
2357 2879 2591 2943 κλητικὴ
2640 2878 2783 2930 κατὰ
2830 2879 2937 2942 τὴν
2986 2877 3226 2942 ἐςχάτην

643 2946 923 3010 ςυλλαβὴν
961 2946 994 3010 ἢ
1033 2945 1151 2998 ίςον
1189 2947 1300 3010 ἔχει
1347 2946 1553 3012 χρόνον
1599 2951 1668 3013 τῇ
1709 2946 1898 3013 εὐθείᾳ
1944 2947 1978 3010 ἢ
2017 2945 2266 3009 ἐλάττω,
2314 2945 2589 2997 οὐδέποτε
2636 2946 2697 2997 δὲ
2735 2945 2931 3009 μείζω,
2982 2946 3015 2997 6
3060 2945 3224 3010 λέβης

641 3013 687 3064 ὠ
727 3014 919 3079 λέβης,
959 3014 991 3065 6
1031 3014 1274 3078 Ἀλκμάν
1310 3014 1356 3064 ὡ
1397 3014 1664 3077 Ἀλκμάν,
1705 3014 1737 3065 6
1775 3014 2011 3081 ςπινθήρ
2049 3014 2095 3064 ὦ
2134 3015 2394 3079 ςπινθήρ,
2434 3014 2465 3065 6
2492 3012 2627 3065 Αἶας
2665 3013 2711 3065 ὧ
2741 3014 2907 3077 Αἶαν,
2947 3013 2979 3064 6
3014 3012 3225 3075 γείτων

642 3081 688 3132 ὦ
725 3087 943 3146 γεῖτον,
983 3083 1014 3133 ό
1052 3076 1244 3148 ῥήτωρ
1282 3082 1328 3133 ὦ
1368 3084 1557 3147 ῥῆτορ.
1602 3083 1671 3133 τὸ
1697 3082 1905 3147 ἄρθρον
1943 3082 2139 3147 μικρὸν
2176 3082 2237 3133 ἐν
2274 3088 2344 3147 τῇ
2373 3081 2586 3149 εὐθείᾳ,
2625 3082 2765 3145 μέγα
2789 3082 2851 3133 δὲ
2886 3080 2949 3132 ἐν
2984 3086 3055 3147 τῇ
3093 3083 3223 3146 κλη-

640 3156 765 3216 τικῇ
803 3152 894 3201 καὶ
931 3152 1118 3214 μεῖζον
1155 3152 1222 3202 ὃν
1257 3154 1360 3215 τῆς
1398 3150 1619 3203 εὐθείας
1655 3150 1758 3202 οὐκ
1796 3150 2019 3214 ἄρθρον.
2054 3177 2116 3186 --
2156 3150 2285 3202 Πᾶν
2321 3150 2530 3215 ἄρθρον
2566 3149 2781 3214 ἀριθμῷ
2827 3149 3102 3213 διαφέρει·
3147 3150 3218 3200 τὸ

641 3218 701 3269 δὲ
739 3218 785 3268 ὧ
822 3218 929 3269 οὐκ
974 3218 1130 3269 οἶδεν
1167 3218 1429 3284 ἀριθμόν,
1478 3218 1581 3270 οὐκ
1627 3218 1734 3282 ἄρα
1779 3217 1988 3283 ἄρθρον
2024 3217 2093 3268 τὸ
2131 3217 2194 3268 ὧ.
2232 3245 2296 3254 -—-
2333 3218 2462 3269 Πᾶν
2507 3216 2714 3282 ἄρθρον
2751 3218 3092 3281 ὑπιςχνεῑται
3129 3217 3220 3278 γέ-

641 3301 761 3337 νος·
798 3286 868 3337 τὸ
906 3286 967 3337 δέ
1004 3285 1049 3336 ὧ
1088 3285 1192 3337 οὐκ
1228 3286 1348 3337 οἶδε
1384 3286 1571 3350 γένος·
1608 3286 1711 3338 οὐκ
1748 3285 1854 3350 ἄρα
1880 3286 2089 3351 ἄρθρον
2112 3285 2181 3336 τὸ
2209 3284 2281 3349 ὦ,
2321 3284 2446 3336 ἀλλ’
2469 3285 2618 3337 ἐςτιν
2649 3284 2928 3351 ἐπίρρημα
2952 3285 3218 3350 κλήςεως.

640 3382 706 3389 -
731 3354 767 3404 l.
794 3357 819 3403 1
845 3353 895 3416 ὅ,
934 3352 1037 3404 τόν
1061 3369 1232 3419 usque
1259 3355 1327 3405 ad
1352 3356 1516 3406 finem
1542 3357 1774 3421 apposui
1800 3372 1866 3403 ex
1892 3356 2085 3406 Aread.
2117 3356 2228 3415 178,
2258 3358 2336 3407 13.
2455 3354 2487 3404 l.
2516 3358 2547 3404 3
2572 3355 2823 3404 doctrina
2850 3354 2917 3403 de
2944 3356 3225 3418 pronomi—

643 3423 804 3473 nibus
841 3439 906 3471 ox
943 3422 1019 3471 Io.
1046 3422 1130 3470 Al.
1156 3440 1207 3488 p.
1235 3427 1300 3472 23
1337 3429 1557 3488 sumpta
1594 3429 1680 3473 est
1715 3424 1907 3488 paucis
1944 3439 2011 3472 ex
2038 3423 2298 3485 Arcadio,
2338 3439 2479 3488 quae
2516 3423 2789 3479 indicabo,
2828 3422 3119 3486 appositis-

641 3489 674 3541 l.
713 3495 744 3540 6
781 3490 1032 3539 lacunam
1071 3527 1082 3538 .
1185 3529 1195 3539 .
1221 3490 1428 3555 νομένη
1457 3492 1675 3557 explevi
1712 3506 1843 3541 voce
1881 3488 2337 3554 ἑπεκτεινομένη,
2378 3491 2521 3555 quod
2546 3490 2731 3541 Bloch.
2768 3490 3051 3554 proposuit
3088 3504 3225 3553 προ-

644 3557 1069 3622 παροξυνομένη
1107 3558 1286 3608 inanis
1323 3561 1575 3624 repetitio
1611 3560 1899 3609 verborum
1921 3555 2122 3622 τρίτην
2157 3556 2273 3609 ἀπὸ
2310 3558 2508 3609 τέλους
2546 3556 2658 3619 ἔχει
2693 3558 2801 3621 τὴν
2838 3556 3023 3609 ὀξεῖαν
3060 3558 3227 3607 foret.

811 3627 846 3676 l.
879 3629 911 3676 9
949 3664 1186 3676 .......
1212 3626 1269 3677 ςὲ
1315 3625 1747 3690 μονοςυλλάβως
1793 3628 1873 3676 sic
1907 3626 2151 3690 explevi,
2200 3632 2265 3675 ut
2308 3627 2439 3675 feci:
2487 3625 2783 3677 ὀξύνονται
2829 3652 2896 3660 ——
2942 3624 3224 3693 προφερό-

640 3707 816 3810 ιὲῗέἓέ·
933 3692 2124 3825 1¹·110155U‘31213023332‘122ssassssbssslgffa
2137 3695 2227 3811 ⁸3¹2<
2242 3695 2496 3812 ¹3²0⁰L²1¹¹2¹¹¹
2535 3692 3227 3823 f¹fl³¹¹23¹¹zzssssffizz¹z⁰³⁰st

639 3826 754 3879 ἀπὸ
790 3831 893 3878 τοῦ
933 3831 1000 3878 δῦ
1038 3828 1349 3892 διφθόγγου
1385 3829 1773 3894 ἀπέςτραπται
1810 3816 2178 3880 οοιιειιίῑοἹο.
2214 3779 2303 3879 XI.
2343 3833 2430 3890 13,
2473 3832 2534 3880 13
2572 3778 2797 3879 exhifmi
2846 3827 3080 3891 εἴπομεν
3116 3829 3223 3893 γὰρ

641 3895 730 3947 ὅτι
765 3895 800 3958 ἡ
839 3895 926 3947 διὰ
960 3899 1064 3947 τοῦ
1099 3900 1134 3947 U
1170 3895 1473 3961 δίφθογγος
1510 3896 1913 3961 ἀπέςτραπται.
1951 3924 2016 3933 ——
2053 3898 2089 3947 l.
2126 3901 2188 3948 15
2225 3895 2566 3961 ἀποφάςεως
2602 3898 2805 3946 adiecit
2840 3897 3043 3957 Bloch„
3083 3898 3119 3946 l.
3160 3899 3224 3946 16

638 3981 736 4029 pro
772 3962 828 4015 αἱ
864 3963 926 4015 ἐκ
962 3963 1190 4015 τούτων
1226 3966 1256 4015 δ
1281 4004 1292 4015 .
1320 4004 1330 4014 .
1358 4004 1368 4015 .
1397 4005 1407 4015 .
1446 3966 1690 4017 λυθεῖςαι
1735 3982 1836 4019 scr.
1876 3965 2064 4016 Bloch.
2099 3964 2157 4016 αί
2204 3965 2264 4015 ἐκ
2309 3964 2535 4016 τούτων
2556 3959 2644 4015 ’δέ
2688 3966 2957 4027 λυθεῑςαι,
3002 3965 3122 4029 ipse
3160 3964 3223 4016 δέ

639 4038 766 4097 post
800 4030 857 4083 αἱ
893 4034 1063 4083 reieci
1100 4040 1157 4083 et
1192 4032 1524 4084 διαλυθεῖςαι
1572 4035 1806 4083 restitui.
1856 4061 1921 4068 —-
1966 4034 2001 4083 l.
2040 4036 2101 4083 17
2138 4032 2173 4096 ἢ
2223 4038 2353 4082 ante
2392 4032 2534 4084 κατὰ
2570 4032 2793 4082 inserui.
2840 4059 2905 4068 —
2954 4031 2987 4085 l.
3027 4035 3058 4081 θ
3096 4032 3164 4081 de
3200 4030 3225 4083 ἵ

639 4102 712 4150 ef,
759 4100 823 4154 Il.
871 4100 960 4151 Pr.
1009 4100 1051 4152 Χ
1098 4104 1221 4151 410:
1277 4101 1355 4152 ὡς
1402 4100 1452 4152 εἰ
1495 4101 1704 4153 ἅπαςα;
1762 4100 1912 4152 τινὲς
1958 4100 2267 4165 περιέργως
2311 4100 2400 4151 διὰ
2449 4100 2623 4163 μόνου
2667 4102 2771 4150 τοῦ
2820 4102 2853 4150 ἴ
2898 4098 3220 4163 γράφοντες

638 4167 995 4220 ἀποδιδόαςιν
1032 4167 1112 4220 ὼς
1146 4167 1293 4233 αὐτὴ
1331 4168 1516 4221 ἅπαςα
1571 4169 1662 4232 (ef.
1699 4169 1877 4234 Apoll.
1926 4170 1991 4218 de
2038 4186 2190 4235 pron.
2229 4187 2279 4234 p.
2319 4169 2433 4231 ⁷0)·
2483 4168 2586 4219 οὐκ
2630 4167 2749 4219 οἶδε
2793 4167 2855 4219 δὲ
2901 4167 2933 4218 6
2980 4168 3219 4232 ποιητὴς

639 4236 773 4287 οὔτε
809 4236 917 4300 τὴν
954 4240 984 4287 ἰ’
1023 4234 1092 4301 (ἵ)
1130 4236 1264 4287 οὔτε
1301 4237 1409 4301 τὴν
1455 4240 1625 4301 ςφεῖς.
1697 4236 1847 4288 ἔςτιν
1893 4236 1997 4288 οὖν
2045 4236 2241 4299 ὅμοιον
2287 4240 2371 4302 τῷ
2417 4235 2478 4286 ἐν
2520 4234 2799 4301 Ὀδυςςείᾳ
2846 4236 2904 4299 (κ
2939 4234 3092 4299 419),
3138 4235 3220 4286 col

639 4303 739 4367 μὲν
775 4304 1145 4368 νοςτήςαντες
1181 4304 1500 4368 διοτρεφές,
1540 4305 1618 4356 ὣς
1657 4304 1934 4369 ἐχάρημεν
1972 4304 2049 4356 ὡς
2087 4303 2199 4354 εἴτ’
2237 4303 2315 4355 είς
2354 4302 2568 4367 Ἰθάκην
2616 4303 2947 4368 ἀφικόμεθα.
3000 4330 3067 4345 —-
3118 4303 3152 4353 1.
3190 4307 3221 4352 7

640 4373 704 4421 de
743 4372 926 4434 ἔγωγε
962 4374 1027 4423 11.
1053 4375 1144 4424 Pr.
1170 4372 1212 4423 Α
1244 4377 1361 4423 173:
1401 4372 1587 4425 οὕτως
1625 4371 2233 4443 προπαροξυτονητέον
2268 4372 2337 4422 τὸ
2375 4371 2584 4435 ἔγωγε,
2620 4370 2700 4423 ἵν’
2737 4372 2770 4435 ᾖ
2810 4370 2898 4433 ἕν,
2939 4371 3004 4421 de
3031 4370 3219 4434 ἔμοιγε

640 4440 682 4491 Α
726 4443 848 4490 174:
895 4440 1011 4506 ‘ring
1050 4438 1236 4502 ἔμοιγε
1286 4439 1909 4505 προπαροξυτονητέον.
1980 4440 2093 4491 ἔςτι
2139 4440 2244 4504 γὰρ
2284 4439 2507 4504 Ἀττικὴ
2556 4438 2633 4490 ὼς
2679 4440 2767 4490 καί
2805 4438 2840 4501 ή
2880 4437 3077 4499 ἔγωγε.
3150 4440 3224 4488 cf.

637 4509 704 4557 E.
742 4511 813 4559 Μ.
852 4512 968 4570 314,
1006 4512 1087 4558 55.
1206 4510 1240 4558 l.
1285 4512 1340 4557 ll
1382 4509 1449 4559 de
1486 4507 1544 4560 οἷ
1579 4509 1637 4558 Il.
1676 4512 1762 4559 Pr.
1802 4510 1813 4558 l
1854 4512 1977 4559 392:
2016 4506 2296 4559 δείκνυται
2332 4506 2395 4558 ἐν
2431 4511 2548 4558 τοϊς
2575 4507 2702 4571 περὶ
2737 4505 3115 4567 ἀντωνυμιῶν
3141 4506 3221 4557 ὼς

640 4574 727 4625 ὅτι
764 4576 798 4638 ή
838 4575 960 4639 ἐμοί
996 4575 1089 4627 ἐπὶ
1124 4576 1348 4640 δοτικῆς
1384 4577 1475 4627 καί
1512 4576 1546 4639 ἡ
1585 4575 1669 4628 (οί
1705 4576 1989 4640 ὀξύνεται,
2028 4576 2063 4639 ἡ
2103 4574 2163 4626 δὲ
2199 4572 2663 4640 οῐ*περιεςπάςθη
2699 4573 3115 4625 ἀνακολούθως.

638 4643 672 4692 1.
713 4647 773 4693 14
809 4645 881 4694 ad
919 4643 1152 4706 εἴπομεν
1190 4646 1262 4694 ef.
1302 4646 1379 4696 Io.
1416 4645 1499 4698 Al.
1540 4648 1628 4706 13,
1670 4649 1731 4696 13
1779 4652 1838 4696 et
1882 4648 1973 4706 32,
2012 4647 2093 4693 21.
2128 4672 2194 4679 -
2234 4645 2269 4694 l.
2308 4647 2370 4694 18
2406 4644 2472 4692 de
2521 4641 2654 4705 ἐμέο
2702 4640 2855 4704 ἐμεῖο
2898 4640 3099 4702 ἐμέθεν
3148 4642 3222 4692 cf.

638 4709 703 4760 11.
741 4713 829 4761 Pr.
870 4712 913 4764 Α
950 4714 1076 4763 396:
1114 4710 1383 4763 πολλάκι(
1418 4710 1524 4776 γάρ
1560 4728 1653 4763 ςεο
1678 4712 1895 4777 πατρὸς
1932 4712 2014 4762 ἐνί
2053 4710 2366 4775 μεγάροιςιν
2391 4709 2623 4761 ἄκουςαε
2664 4707 3015 4775 Ἀρίςταρχος
3040 4708 3223 4770 ἐγκλι-

638 4778 801 4842 τικὴν
838 4778 1114 4843 παρέλαβε
1154 4780 1260 4844 τὴν
1295 4778 1656 4842 ἀντωνυμίαν
1694 4780 1812 4844 ςέο,
1853 4779 2039 4841 λέγων
2083 4779 2151 4830 τὸ
2198 4778 2548 4844 δηλούμενον
2596 4778 2744 4829 εἶναι
2786 4778 3043 4839 τοιοῦτο,
3082 4778 3223 4828 πολ-

641 4842 795 4897 λάκις
830 4846 935 4911 γάρ
971 4861 1068 4899 ςου
1105 4846 1167 4900 ἐν
1202 4851 1320 4900 τοῖς
1357 4851 1460 4899 τοῦ
1499 4848 1713 4913 πατρός
1751 4865 1857 4912 μου
1893 4848 2069 4911 δόμου
2106 4848 2314 4911 ἤκουςα
2340 4845 2728 4911 καυχωμένης·
2767 4844 2865 4895 ἐὰν
2889 4843 3023 4907 γάρ,
3062 4843 3221 4910 φηςί,
