3664 5546
676 370 803 434 482
1608 371 1689 424 εκ
1729 370 1868 424 τΩΝ
1911 369 2312 423 ΗΡΩΔιΑΝογ

678 543 748 624 (α
788 540 970 623 241)-
1026 541 1081 606 εἰ
1136 543 1250 620 μὲν
1308 544 1474 621 πρὸς
1527 543 1643 620 τὴν
1704 542 1942 621 Ἰθάκην
2000 541 2364 606 ςυντάττοις
2418 543 2533 619 τὴν
2583 540 2770 622 κατά,
2822 541 2930 607 ἵνα
2981 542 3252 619 τοπικὴν

676 644 961 728 δηλώςῃς
1006 645 1209 723 ςχέςιν
1254 646 1411 709 κατὰ
1455 644 1725 727 Ἰθάκην,
1768 643 2185 722 ἀναστρέψει(
2227 645 2342 722 τὴν
2386 645 2711 722 πρόθεςιν·
2756 644 2812 707 εί
2856 645 2927 715 δὲ
2967 644 3130 721 πρὸς
3172 643 3252 706 τὸ

677 748 1152 830 κοιρανέουςιν,
1205 746 1315 813 ἵνα
1368 747 1637 812 πλείονα
1691 748 1962 828 ἔμφαςιν
2017 746 2302 830 δηλώςῃς
2361 749 2471 824 τῆς
2522 752 2654 811 τῶν
2702 746 3070 825 μνηςτήρων
3115 745 3249 809 ἐπι-

676 850 998 932 κρατείας,
1043 849 1204 928 ὅπερ
1249 850 1351 914 καὶ
1394 852 1639 928 μᾶλλον
1685 851 1893 931 δοκεῖ,
1940 847 2383 927 ὀρθοτονήςεις
2427 849 2543 928 τὴν
2588 848 2905 927 πρόθεςιν.
2970 849 3045 912 τὸ
3087 848 3249 912 αὐτὸ

602 962 635 1012 5
670 952 774 1016 καὶ
827 951 897 1018 ἑν
950 958 1042 1036 τῷ
1101 949 1286 1031 «εὗρε
1342 953 1413 1016 δὲ
1466 952 1823 1035 Πατρόκλῳ
1879 950 2357 1031 περικείμενον»
2403 950 2483 1032 (Τ
2524 949 2622 1030 4)·
2687 950 2743 1015 εἰ
2785 952 2907 1030 γὰρ
2954 952 3099 1030 περὶ
3153 956 3249 1034 τῷ

669 1055 1027 1139 Πατρόκλῳ
1072 1055 1391 1137 κείμενον,
1447 1055 1549 1118 καὶ
1592 1052 2136 1134 ἀναςτραφήςεται
2181 1052 2219 1116 ὁ
2262 1052 2483 1118 τόνος·
2540 1051 2595 1116 εἰ
2640 1053 2722 1134 δὲ,
2753 1060 2844 1137 τῷ
2888 1052 3249 1136 Πατρόκλῳ

670 1147 1141 1240 περικείμενον,
1183 1157 1293 1222 ἵνα
1337 1157 1375 1239 ᾖ
1423 1154 1567 1220 οἷον
1612 1157 2111 1237 περικεχυμένον
2144 1155 2352 1238 αὐτῷ,
2399 1153 2999 1238 ὀρθοτονηθήςεται,
3043 1155 3248 1235 ἔμφα-

670 1279 762 1323 ςιν
806 1258 929 1337 γὰρ
973 1259 1241 1324 πλείονα
1285 1261 1488 1336 δηλοῖ.

839 1361 903 1424 Εἰ
948 1362 1018 1424 δὲ
1064 1361 1291 1440 μεταξὺ
1335 1361 1493 1445 πέςῃ
1538 1361 1658 1426 δύο
1703 1361 2043 1441 ὀνομάτων
2088 1364 2127 1442 ἡ
2172 1363 2497 1445 πρόθεςις,
2550 1366 2667 1426 τοῦ
2711 1363 2826 1442 μὲν
2871 1361 3090 1439 κυρίου
3134 1359 3245 1424 ὄν·

568 1486 634 1537 10
666 1483 810 1546 τος,
877 1466 994 1527 τοῦ
1050 1463 1121 1527 δὲ
1175 1468 1676 1546 προςηγορικοῦ,
1743 1465 1781 1541 ἢ
1839 1464 2193 1530 ἐπιθετικοῦ
2248 1466 2350 1529 καὶ
2403 1467 2903 1547 προςηγορικοῦ,
2969 1463 3038 1527 ἐν
3095 1466 3243 1527 πᾶςι

665 1565 918 1630 τούτοις
972 1564 1390 1645 ἀναςτρὲφειν
1446 1567 1544 1630 δεῖ
1596 1566 1712 1644 τὴν
1758 1567 2085 1650 πρόθεςιν,
2138 1567 2247 1631 ἵνα
2290 1571 2399 1646 τῆς
2444 1568 2600 1646 ὅλης
2646 1566 2995 1633 ςυντάξεως
3036 1585 3241 1644 προη-

665 1668 949 1745 γήςηται·
995 1671 1330 1746 «ποταμοῦ
1375 1667 1505 1731 ἄπο
1539 1667 1965 1746 (ελλήεντοω
2013 1670 2109 1750 (Μ
2141 1669 2251 1751 97)
2284 1669 2416 1734 ἀπὸ
2445 1674 2562 1734 τοῦ
2594 1672 2903 1749 ποταμοῦ.
2963 1667 3243 1750 «Ξάνθῳ

664 1940 979 2005 ρανὲουςινε
1028 1941 1061 1992 ὁ
1100 1939 1509 2007 Ἀςκαλωνίτης
1554 1939 1914 2006 ἀναςτρέφει,
1967 1940 2062 1992 ἵνα
2109 1942 2339 2008 γένηται
2387 1942 2529 1995 κατὰ
2576 1941 2852 2006 πόλεμον·
2907 1941 3136 1992 δύναται
3178 1939 3245 1991 δὲ

664 2009 893 2073 ἐμφαςιε
930 2010 1210 2074 γενέςθαι,
1258 2008 1307 2062 εἰ
1351 2010 1691 2061 ςυνάπτοιτο
1735 2013 1821 2076 τῷ
1869 2009 2247 2075 κοιρανέουςιν
2292 2010 2383 2063 καί
2428 2010 2575 2062 ἐςτιν
2617 2011 2817 2074 ὅμοιον
2863 2013 2949 2076 τῷ
2983 2007 3242 2074 (Ἰθάκην

663 2076 1251 2142 κατακοιρανέουςιν»,
1292 2082 1348 2128 et
1382 2077 1419 2130 Ε
1444 2081 1568 2141 824,
1606 2095 1763 2143 quem
1790 2079 1970 2129 locum
1993 2095 2045 2144 p.
2070 2081 2190 2142 480,
2218 2083 2281 2130 14
2305 2081 2577 2146 proposui.
2609 2108 2672 2115 —
2712 2081 2746 2130 l.
2783 2081 2815 2129 5
2851 2075 3243 2143 περικείμενον

664 2163 760 2211 pro
798 2145 1207 2211 παρακείμενον
1233 2148 1455 2211 scripsi,
1494 2147 1529 2196 l.
1556 2150 1589 2198 6
1614 2153 1740 2212 post
1762 2145 2085 2212 Πατρόκλῳ
2109 2147 2296 2197 addidi
2319 2148 2578 2211 κείμενον
2603 2155 2659 2198 et
2685 2164 2784 2213 pro
2808 2147 2843 2210 ἢ
2871 2147 3068 2213 scripsi
3093 2143 3144 2197 εἰ
3178 2144 3243 2196 δὲ

666 2219 723 2264 et
757 2215 791 2264 l.
818 2218 846 2267 ‘1
884 2214 1392 2281 όρθοτονηθήςεται
1429 2216 1635 2265 inserui
1672 2220 1728 2264 et
1771 2214 1932 2280 δηλοῖ
1971 2232 2036 2266 ex
2073 2218 2428 2281 grammatico
2465 2218 2579 2266 MS.
2618 2233 2652 2266 a
2686 2214 2973 2266 Dindorfio
3011 2215 3081 2265 ad
3118 2215 3171 2268 h.
3203 2213 3240 2264 l.

662 2284 893 2348 prolato.
924 2310 992 2321 —
1026 2286 1109 2334 De
1147 2301 1203 2334 re
1240 2284 1311 2333 cf.
1348 2283 1414 2335 11.
1452 2285 1540 2334 Pr.
1565 2280 1611 2333 Τ
1636 2284 1694 2332 4:
1732 2281 1860 2347 εὗρε
1897 2282 1959 2333 δὲ
1993 2282 2313 2351 Πατρόκλῳ
2352 2283 2766 2350 περικείμενον;
2803 2282 2952 2335 τινὲς
2988 2281 3245 2345 ἀνέςτρε-

661 2365 779 2412 ψαν
821 2351 930 2415 τὴν
974 2349 1128 2416 περί,
1173 2349 1260 2402 ἵν’
1306 2351 1339 2416 ῇ
1389 2351 1518 2416 περὶ
1562 2349 1883 2416 Πατρόκλῳ
1930 2347 2216 2417 κείμενον,
2264 2352 2389 2404 ἐπεὶ
2435 2352 2524 2404 καὶ
2571 2351 2633 2403 ἐν
2680 2351 2887 2416 ἑτέροις
2931 2349 3044 2416 ἔφη
3090 2349 3244 2415 (284)

661 2416 851 2482 «ἀμφ’
893 2418 1052 2486 αὐτῷ
1089 2418 1262 2484 χυμέν
1313 2431 1343 2470 »
1385 2422 1457 2484 τῇ
1502 2418 1695 2484 δοτικῆ
1734 2418 2001 2471 ςυντάξας
2036 2420 2143 2483 τὴν
2180 2419 2468 2485 πρόθεςιν,
2516 2419 2583 2471 οὐ
2618 2423 2690 2486 τῇ
2726 2422 2962 2484 μετοχῇ·
3007 2418 3144 2482 ἡμῖν
3179 2418 3245 2469 δὲ

661 2486 839 2552 δοκεῖ,
877 2486 1063 2552 ὥςπερ
1101 2487 1182 2538 ἔτι
1218 2502 1288 2538 κα
1343 2490 1463 2538 τοῖς
1499 2485 1713 2540 πλείοςι
1750 2487 1840 2539 καὶ
1874 2491 1960 2554 τῷ
2001 2487 2408 2555 Ἀςκαλωνίτῃ,
2447 2488 2511 2541 ἓν
2547 2486 2694 2540 εἶναι
2730 2487 2800 2539 τὸ
2835 2485 3244 2551 περικείμενον.

660 2553 891 2619 ἔμφαςις
926 2554 1032 2619 γὰρ
1068 2554 1274 2619 μείζων
1308 2558 1534 2607 νοεῖται.
1570 2583 1635 2590 -ὴ
1673 2555 1713 2607 Β
1751 2560 1849 2607 312
1886 2554 2150 2608 πετάλοις
2188 2556 2672 2622 ὑποπεπτηῶτες;
2711 2556 2944 2608 δύναται
2968 2555 3074 2606 κᾶν
3109 2553 3244 2605 ἁνα-

661 2621 1012 2687 ςτρέφεςθαι,
1052 2622 1442 2688 πιθανώτερον
1478 2622 1538 2674 δὲ
1575 2622 1893 2675 ςυντάςςειν
1927 2627 1998 2690 τῇ
2037 2628 2246 2691 μετοχῇ
2283 2625 2392 2690 τὴν
2429 2625 2692 2689 πρόθεςιν
2729 2622 2816 2675 διὰ
2851 2623 2958 2687 τὴν
2984 2622 3242 2687 ἐμφαςιν.

659 2689 710 2756 ᾼ
746 2694 837 2741 94:
876 2689 1071 2756 τλαίης
1103 2707 1200 2743 κεν
1237 2689 1516 2760 Μενελάῳ
1555 2690 1897 2756 ἐπιπροέμεν
1932 2692 2110 2756 ταχὺν
2148 2690 2259 2743 ἰόνε
2301 2691 2668 2758 ἐπιπροέμεν;
2710 2690 3064 2757 Ἀρίςταρχος
3107 2691 3242 2742 ἀνα-

660 2755 909 2825 ςτρέφει,
944 2757 1040 2811 ἵνα
1074 2759 1144 2812 τὸ
1182 2759 1305 2825 ἑξῆς
1341 2759 1573 2826 γένηται
1611 2759 1704 2812 ἐπὶ
1740 2758 2047 2828 Μενελάῳ,
2096 2759 2174 2813 ὡς
2210 2761 2301 2813 καί
2338 2761 2438 2814 ἐπ’
2473 2758 2692 2814 ἐκείνου
2737 2759 2813 2825 «ἢ
2854 2759 2946 2813 καί
2981 2758 3080 2812 ἐπ’
3119 2759 3242 2813 Ἀν-

658 2827 1102 2894 τινόῳ,ῖθυνεν>)
1140 2828 1266 2893 (Οᾱ.
1302 2844 1336 2893 χ
1371 2829 1443 2893 8).
1501 2827 1869 2895 Μενεκράτης
1905 2828 1966 2880 δὲ
2003 2829 2035 2881 ὁ
2072 2827 2338 2895 Μιλὴςιος
2374 2828 2484 2895 ὑφ’
2520 2829 2608 2895 ἕν,
2648 2828 2989 2894 ἐπιπροέμεν
3026 2826 3242 2891 ὁμοίως

657 2898 743 2961 τῷ
781 2896 1111 2963 ἐπιπροΐηλε
1149 2897 1239 2948 καὶ
1276 2896 1509 2961 ἐπιπροέ
1550 2912 1640 2962 κε,
1684 2894 1770 2948 ἵν’
1806 2898 2038 2961 ἔμφαςις
2085 2899 2302 2961 μᾶλλον
2337 2897 2580 2964 γένηται.
2650 2896 2687 2950 Ε
2725 2902 2823 2949 138
2856 2895 3033 2961 αὐλῆς
3067 2896 3241 2961 ὑπερ-

658 2962 927 3027 άλμενονε
976 2964 1266 3018 Διονύςιος
1311 2964 1519 3029 ἀναςτρ
1549 2980 1645 3029 φει
1687 2965 1797 3029 τὴν
1841 2964 1998 3032 ὑπέρ.
2069 2965 2101 3017 ό
2150 2966 2211 3017 δὲ
2258 2964 2669 3032 Ἀςκαλωνίτης
2717 2964 2780 3017 ἓν
2825 2963 3029 3027 ἐποίει,
3076 2963 3110 3015 ὃ
3146 2966 3242 3016 καὶ

658 3032 1064 3098 πιθανώτερον.
1133 3033 1184 3086 Δ
1220 3037 1312 3085 99:
1357 3036 1537 3097 πυρῆς
1583 3032 1869 3097 ἑπιβάντ’;
1920 3033 2023 3085 οὐκ
2065 3033 2371 3097 ἀναγκαῖον
2415 3033 2811 3098 ἀναςτρέφειν,
2867 3031 2961 3084 ἵνα
3005 3032 3238 3097 γένηται

655 3100 725 3151 τὸ
765 3101 889 3165 ἑξῆς
935 3101 1026 3153 ἐπὶ
1073 3104 1253 3166 πυρῆς
1292 3099 1481 3164 βάντα.
1551 3100 1783 3166 ἐμφαςις
1828 3101 1935 3166 γὰρ
1981 3100 2196 3164 γίνεται
2239 3106 2311 3169 τῇ
2360 3107 2568 3170 μετοχῇ
2607 3100 2656 3153 εἰ
2693 3099 2988 3166 ςυνταγείη
3025 3100 3061 3164 ἡ
3101 3100 3233 3164 πρό-

657 3170 815 3220 θεςις.
875 3168 923 3220 Υ
959 3173 1082 3221 327ε
1122 3172 1254 3220 θεοῦ
1292 3168 1406 3220 ἀπὸ
1442 3168 1625 3234 χειρὸς
1661 3168 1923 3234 ὀρούςας;
1962 3170 2195 3221 δύναται
2229 3171 2265 3234 ή
2305 3169 2420 3223 ἀπό
2455 3172 2546 3222 καί
2582 3168 3045 3234 ἀναςτρέφεςθαι,
3079 3166 3160 3219 ἵν’
3197 3168 3232 3233 ᾖ

656 3235 770 3287 ἀπὸ
805 3240 970 3301 θεοῦ,
1009 3237 1099 3289 καὶ
1135 3235 1434 3302 φυλάςςειν
1470 3236 1575 3288 τὸν
1610 3236 1811 3301 τόνον,
1849 3236 1935 3289 ἵν’
1971 3239 2004 3303 ᾗ
2041 3237 2384 3304 ἀπορούςας,
2434 3238 2576 3303 ὅπερ
2622 3239 2712 3289 καί
2750 3236 2985 3301 βέλτιον.
3057 3237 3071 3288 Ι
3107 3238 3235 3288 449:

656 3303 1031 3368 περιχώςατοε
1072 3303 1123 3357 οἱ
1161 3304 1263 3368 μὲν
1299 3303 1671 3370 ἀνέστρεψαν,
1708 3304 1803 3356 ἵνα
1838 3304 2071 3371 γένηται
2107 3307 2236 3372 περὶ
2272 3305 2629 3359 παλλακίδος.
2698 3305 2753 3358 οἱ
2786 3305 2848 3357 δὲ
2884 3303 3238 3370 περιχώςατο

655 3370 1008 3438 ἀνέγνωςαν,
1052 3371 1149 3424 ἵνα
1185 3371 1517 3439 ςημαίνηται
1560 3373 1630 3425 τὸ
1667 3376 1954 3439 περιςςῶς.
2026 3374 2118 3426 καὶ
2154 3375 2340 3427 οὕτως
2378 3376 2593 3440 μᾶλλον
2629 3373 3011 3439 ἐπεκράτηςεν
3055 3372 3091 3434 ἠ
3131 3388 3239 3424 πα-

654 3438 884 3505 ράδοςις.
957 3440 1144 3493 οὕτως
1180 3440 1240 3492 δὲ
1278 3443 1368 3493 καὶ
1407 3439 1687 3495 Ἀλεξίων.
1747 3441 1785 3493 Κ
1823 3445 1914 3494 93:
1953 3439 2126 3494 αἰνῶς
2161 3441 2267 3507 γὰρ
2302 3443 2553 3494 Δαναῶν
2588 3440 2714 3507 πέρι
2751 3440 2949 3494 δείδια;
2987 3439 3240 3493 πιθανώ-

653 3508 824 3573 τερόν
860 3507 986 3562 πώς
1021 3508 1168 3561 ἐςτιν
1203 3508 1595 3574 ἁναςτρέφειν·
1632 3509 1866 3561 δύναται
1904 3509 1964 3562 δὲ
2001 3511 2090 3561 καί
2127 3509 2337 3576 ἕτερον.
2377 3510 2415 3562 Κ
2449 3514 2544 3563 38:
2583 3510 2863 3574 Τρώεςςιν
2898 3507 3236 3561 ἐπίςκοπονε

658 3575 1006 3641 Ἀρίςταρχος
1044 3575 1349 3629 ἑπίςκοπον
1385 3577 1463 3628 ὡς
1502 3577 1874 3629 κατάςκοπον.
1948 3576 2136 3630 Νικίας
2172 3578 2232 3629 δὲ
2266 3578 2602 3644 ἀναςτρὲφει
2636 3579 2746 3643 τὴν
2781 3576 2900 3642 ἐπί,
2945 3576 3030 3628 ἵν’
3064 3578 3100 3643 ᾖ
3139 3576 3238 3628 ἐπὶ

655 3643 946 3708 Τρώεςςιν.
1018 3643 1117 3697 είςὶ
1152 3645 1212 3696 δὲ
1257 3643 1311 3696 οἳ
1346 3644 1728 3709 ἀνεγνώκαςιν
1772 3645 2077 3697 ἐπιςκοπόν
2115 3644 2193 3698 ὡς
2230 3646 2580 3711 ἀγακλυτὸν,
2614 3646 2710 3697 ἵνα
2753 3646 3009 3712 παρέλκῃ
3045 3645 3083 3709 ἡ
3124 3643 3238 3696 ἐπί.

653 3710 882 3774 ἄμεινον
919 3712 979 3764 δὲ
1014 3716 1098 3779 τῷ
1137 3712 1474 3780 Ἀριςτάρχῳ
1513 3713 2018 3776 ςυγκατατίθεςθαι.
2091 3714 2133 3767 Ν
2170 3718 2298 3766 450:
2349 3714 2535 3780 Κρήτῃ
2572 3712 2864 3779 ἑπίουρονε
2910 3718 3086 3765 τοῦτο
3120 3727 3237 3777 τρι-

653 3782 767 3844 χώς
803 3779 1146 3846 ἀνεγνώςθη.
1214 3780 1537 3847 Ζηνόδοτος
1571 3782 1677 3847 γὰρ
1715 3779 1793 3833 ὡς
1829 3781 2158 3847 ἐπίκουρον,
2206 3782 2572 3847 ἐκδεχόμενος
2607 3781 2828 3847 βαςιλέα
2864 3782 2955 3834 καί
2991 3781 3239 3846 φύλακα.

652 3847 743 3898 καὶ
784 3846 1133 3914 Ἀρίςταρχος
1169 3848 1231 3900 δὲ
1267 3848 1480 3914 οὕτως,
1519 3848 1885 3914 ἐκδεχόμενος
1921 3849 2027 3901 τὸν
2063 3850 2316 3915 φύλακα,
2355 3850 2628 3916 μέμνηται
2666 3851 2756 3901 καὶ
2793 3850 2825 3901 ὁ
2850 3848 3090 3913 Δίδυμος
3125 3852 3238 3913 τῆς

651 3914 975 3970 ἀποδόςεως
1022 3917 1111 3969 καὶ
1148 3916 1413 3983 Τρύφων.
1485 3916 1667 3969 ἐκεῖνο
1713 3917 1775 3969 δὲ
1820 3916 2175 3984 προςτίθηςιν
2221 3919 2253 3969 ὁ
2299 3918 2576 3983 Τρύφων,
2633 3918 2720 3970 ὅτι
2767 3917 2799 3970 ό
2844 3918 3105 3981 ἐπίουρος
3152 3916 3239 3969 ὡς

653 3982 952 4037 ἑπίςκοπος
990 3984 1058 4037 οὐ
1096 3985 1327 4038 πάντως
1376 3985 1486 4050 ἔχει
1536 3984 1861 4049 ἐγκείμενον
1904 3987 2010 4038 τὸν
2054 3986 2227 4051 οὖρον
2270 3986 2376 4037 τὸν
2412 3987 2638 4051 φύλακα
2681 3985 2825 4038 κατὰ
2870 3986 3087 4051 ταύτην
3121 3986 3240 4050 τὴν

651 4051 931 4135 ἀπόδοςιν.
1001 4052 1056 4105 τί
1071 4053 1198 4136 Αγὰρ
1235 4052 1520 4105 κεκώλυκε
1568 4053 1718 4118 παρὰ
1762 4053 1832 4104 τὸ
1879 4054 1997 4118 ὁρῶ
2045 4054 2189 4106 εἶναι
2226 4053 2457 4120 ἑπίορον
2503 4056 2592 4106 καί
2630 4054 2896 4118 ἐπίουρον
2940 4053 3045 4105 τὸν
3082 4052 3236 4106 ἐπιο-

648 4135 886 4242 ἓῒύᾞοῗέ.
926 4120 1229 4242 ἰίὲιλῗὲθὲί
1259 4121 1630 4254 aiem&
1643 4121 2110 4255 τῗηῖέῖθξέὸέὧοῗ
2126 4121 3238 4257 &322⁹ss‘bssffssfiffiz‘sssssssszssff

651 4256 834 4310 έλκειν
879 4258 1097 4321 ἡγεῖται
1140 4260 1249 4323 τὴν
1295 4257 1402 4310 ἐπί.
1473 4257 1559 4310 διὸ
1596 4258 1685 4310 καὶ
1729 4258 1836 4309 τὸν
1870 4259 2043 4310 τόνον
2080 4258 2354 4323 φυλάττει
2396 4262 2500 4325 τῆς
2543 4258 2864 4324 προθέςεως
2900 4256 3111 4322 ὁμοίως
3143 4261 3234 4325 τῷ

648 4327 844 4389 «βοῶν
880 4325 1246 4391 ἐπιβουκόλος
1282 4325 1466 4393 ἀνήρ»
1503 4326 1634 4392 (Od.
1659 4342 1695 4390 γ
1716 4325 1860 4391 422).
1998 4328 2032 4377 l.
2058 4330 2090 4378 9
2128 4328 2194 4379 de
2217 4328 2322 4379 hoe
2358 4344 2553 4393 praece
2596 4335 2651 4378 to
2678 4329 2748 4379 cf.
2786 4332 3005 4393 praeter
3039 4328 3118 4376 10.
3143 4326 3236 4377 Al.

650 4395 707 4444 in
744 4398 990 4447 Prooem.
1016 4398 1075 4459 4,
1100 4398 1131 4445 2
1158 4396 1349 4460 (supra
1413 4432 1425 4444 .
1452 4398 1500 4459 ⁷,
1530 4397 1642 4459 13):
1681 4396 1748 4447 11.
1774 4395 1922 4448 Pros.
1953 4395 1992 4446 Β
2018 4397 2144 4447 839:
2183 4398 2440 4460 ποταμοΟ
2467 4395 2546 4448 ἀπ
2608 4393 2978 4459 Εελλήεντοςε
3014 4393 3235 4446 Πτολε-

650 4465 808 4525 μαῖος
846 4462 878 4514 ό
914 4460 1326 4528 Ἀςκαλωνίτης
1362 4412 1697 4528 ἕναςτρὲφει
1736 4463 1879 4528 πρὸς
1914 4462 1987 4515 τὰ
2018 4463 2547 4529 προςηγορικώτερα
2591 4463 2925 4527 ποιούμενος
2971 4461 3072 4514 τὰς
3109 4476 3235 4513 ςυν-

646 4530 841 4584 τάξεις.
879 4529 1089 4594 ὁμοίως
1125 4531 1217 4583 καὶ
1256 4531 1457 4583 Νικίας.
1511 4531 1701 4583 οὐκέτι
1730 4529 1921 4596 μέντοι
1950 4530 2042 4582 ἐπὶ
2070 4534 2174 4583 τοῦ
2210 4531 2456 4600 «Ξάνθῳ
2486 4530 2578 4583 ἐπὶ
2612 4531 2901 4597 δινήεντι»
2931 4530 3021 4596 (11.
3044 4528 3082 4582 Ε
3105 4530 3234 4595 479)

647 4598 836 4667 «μάχῃ
876 4599 958 4651 ἑνὶ
995 4598 1354 4666 κυδιανείρῃ»
1392 4600 1481 4666 (Il.
1510 4598 1556 4651 Z
1589 4599 1727 4663 124).
1785 4597 2104 4664 ἐπεφέρετο
2140 4600 2246 4664 γὰρ
2281 4599 2353 4653 τὰ
2389 4599 2933 4666 προςηγορικώτερα.
2971 4599 3004 4651 ό
3041 4598 3236 4662 μέντοι

647 4666 1000 4747 Ἀ-ρίςταρχος
1034 4672 1152 4721 τοῖς
1189 4667 1547 4734 κυριωτέροις
1585 4667 1888 4721 ςυνέττατε
1912 4668 2013 4719 τὰς
2038 4668 2349 4733 προθέςεις·
2386 4668 2471 4720 διὸ
2497 4667 2866 4734 ἀναςτρέφων
2890 4666 3233 4730 ἀνεγίνωςκε

646 4735 913 4788 ((;άνθου
949 4735 1062 4788 ἄπο
1099 4736 1431 4802 δινήεντος»
1467 4735 1633 4802 (877).
1704 4734 2004 4801 φυλάςςων
2040 4737 2100 4788 δὲ
2138 4736 2242 4788 τὸν
2276 4738 2450 4789 τόνον
2495 4735 2589 4788 ἐπὶ
2634 4739 2739 4789 τοί)
2776 4738 3078 4800 «ποταμοῦ
3115 4734 3233 4787 ἀπὸ

647 4802 1051 4870 (ελλήεντοω).
1124 4805 1249 4858 εἶτα
1294 4804 1480 4857 πολλὰ
1526 4802 1707 4856 εἰπὼν
1764 4803 1796 4856 ό
1841 4804 2181 4868 Ἡρωδιανὸς
2239 4819 2371 4871 φηςι
2415 4805 2501 4857 ὅτι
2547 4805 2667 4869 ἐμοὶ
2714 4804 2903 4870 μέντοι
2955 4804 3109 4856 δοκεῖ
3161 4803 3233 4855 τὸ

643 4875 909 4925 τοιοῦτον
945 4872 1082 4926 δλον
1119 4873 1268 4926 εἶδος
1304 4872 1705 4937 ἀναγινώςκειν
1743 4872 1885 4925 κατὰ
1921 4871 2263 4939 ἀναςτοφήν.
2319 4873 2367 4925 εἰ
2401 4873 2508 4939 γὰρ
2543 4873 2644 4927 δύο
2669 4872 2924 4940 ὀνόματά
2958 4872 3070 4924 ἑςτι
3099 4871 3235 4925 καθ’
