3664 5546
643 385 726 448 10
1574 384 1656 438 ΕΚ
1694 384 1836 438 ΤΩΝ
1878 384 2287 439 ΗΡΩΔΙΑΝΟΥ

636 576 766 622 ται·
811 558 866 622 εἰ
910 559 983 623 δὲ
1027 556 1348 640 εύκτικόν,
1395 555 1850 636 παροξύνεται·
1896 555 2006 621 ὅτε
2052 555 2123 621 δέ
2169 555 2294 622 ἑςτι
2347 556 2422 621 τὸ
2468 556 2721 636 ποίηςαι
2773 558 3224 634 προςτακτικῆς

636 660 823 740 μέςης
867 658 1161 738 ἀόριςτος
1204 664 1490 742 πρῶτος,
1536 657 2111 739 προπαροξύνεται.

804 763 990 828 Πᾶςα
1031 760 1208 828 ὀξεῖα
1252 762 1357 827 ἐπὶ
1400 762 1625 827 τέλους
1670 761 1901 826 λέξεως
1947 759 2135 843 οὖςα,
2192 759 2247 826 εἰ
2291 761 2372 839 μὴ
2418 760 2792 840 ἐπιφέροιτο
2838 762 2978 840 μετ’
3021 761 3223 842 αὐτὴν

636 865 884 948 ςτιγμή,
928 863 1190 929 πάντως
1245 863 1316 930 ἐν
1359 870 1435 949 τῇ
1481 862 1827 944 ςυμφράςει
1882 862 2220 942 κοιμίζεται
2276 862 2364 927 εἰς
2410 865 2670 944 βαρεῖαν
2717 862 2862 929 οἷον
2907 863 3113 943 «Ζεὺς
3156 866 3224 929 δ’

569 978 602 1028 5
638 967 778 1031 ἐπεὶ
817 965 941 1032 οὖν
971 966 1196 1045 Τρῶάς
1238 987 1307 1032 τε
1351 968 1454 1032 καὶ
1495 966 1806 1045 Ἕκτορα»
1854 961 1963 1047 (ΙΙ.
2000 964 2101 1045 13,
2139 966 2204 1046 1)
2246 965 2325 1031 τό
2353 986 2423 1031 τε
2452 965 2618 1031 Ζεὺς
2661 968 2765 1032 καὶ
2808 967 2912 1032 ἐπὶ
2958 967 3222 1048 βαρύνε·

635 1090 767 1152 ται,
823 1068 920 1134 ὅτι
977 1070 1191 1148 ςτιγμή
1247 1070 1404 1148 μετὰ
1458 1073 1657 1134 ταῦτα
1712 1067 1792 1133 οὐ
1847 1067 2095 1132 τίθεται.
2197 1066 2422 1133 Ἰςτέον
2479 1070 2551 1133 δὲ
2606 1068 2703 1135 ὅτι
2757 1069 2907 1134 καθ’
2960 1069 3223 1149 ἑκάςτην

599 1172 805 1239 λέξιν
862 1171 933 1237 ἐν
987 1175 1099 1255 ,μιᾷ
1152 1173 1429 1256 ςυλλαβῇ
1484 1172 1732 1251 τίθεμεν
1798 1170 1838 1248 ἢ
1896 1168 2111 1237 οξεῖαν
2166 1171 2205 1249 ἢ
2262 1171 2777 1255 περιςπωμένην,
2834 1172 2905 1236 ἐν
2928 1182 2932 1186 Α
2959 1173 3031 1236 δὲ
3086 1175 3225 1237 ταῖς

638 1276 893 1338 λοιπαῖς
949 1276 1287 1354 ςυλλαβαῖς
1353 1278 1642 1355 βαρεῖαν·
1709 1272 1855 1339 οἶον
1915 1271 1987 1338 ἑν
2051 1278 2144 1355 τῷ
2211 1273 2548 1338 Μενέλάὀς
2614 1273 2882 1352 δευτέρα
2947 1276 3221 1360 ςυλλαβὴ

636 1376 957 1460 ὀξύνεται,
995 1375 1077 1439 αἱ
1131 1379 1203 1441 δὲ
1262 1378 1480 1442 λοιπαὶ
1536 1376 1954 1459 βαρύνονται,
2010 1376 2115 1440 καὶ
2167 1375 2238 1441 ἐν
2295 1381 2385 1459 τῷ
2432 1374 2700 1442 ἂλλοῖὸς
2758 1376 2796 1454 ἡ
2843 1375 2991 1456 μέςη
3047 1396 3221 1455 περι-

537 1489 602 1542 10
640 1482 898 1563 ςπᾶται,
940 1478 981 1557 ἡ
1027 1480 1099 1544 δὲ
1142 1480 1364 1560 πρώτη
1409 1480 1513 1544 καὶ
1554 1479 1727 1558 τρίτη
1761 1478 2173 1559 βαρύνονται·
2218 1478 2320 1542 διὸ
2351 1477 2454 1542 καὶ
2485 1477 2807 1558 βαρύτονα
2835 1480 3115 1543 καλεῖται
3144 1479 3224 1543 τὰ

635 1581 1048 1661 παροξύτονα
1092 1583 1196 1646 καὶ
1234 1582 1776 1661 προπαροξύτονα
1816 1581 1920 1645 καὶ
1974 1580 2585 1662 προπεριςπώμενα,
2642 1581 2744 1646 διὸ
2800 1581 2841 1660 ἡ
2895 1581 3224 1646 τελευταία

635 1684 888 1748 τούτων
932 1682 1296 1764 βαρύνεται·
1337 1683 1490 1748 ἀλλ’
1522 1684 1613 1748 ὡς
1643 1683 2171 1763 ὁμολογουμένας
2212 1682 2325 1748 τὰς
2364 1682 2663 1748 τοιαύτας
2704 1682 2956 1766 βαρείας
2995 1682 3221 1767 ἐῶμεν,

638 1785 744 1849 διὰ
785 1785 861 1850 τὸ
894 1788 975 1865 μὴ
1006 1786 1388 1853 καταςτίῑειν
1418 1787 1497 1850 τὰ
1530 1786 1748 1866 βιβλία.
1804 1784 1877 1849 Ἡ
1911 1784 2087 1852 ὀξεῖα
2117 1784 2236 1850 οὖν
2267 1787 2372 1850 καὶ
2400 1786 2439 1864 ἡ
2472 1789 2694 1867 βαρεῖα
2737 1787 3220 1865 περιςπωμένην

632 1890 927 1959 ποιοῦςιν
959 1886 1103 1952 οἷον
1136 1887 1309 1969 φάος
1353 1892 1528 1970 φῶς,
1564 1887 1864 1966 εύγενέὸς
1908 1887 2229 1965 εὐγενοῦς.
2276 1888 2597 1954 ἀνάπαλιν
2642 1888 2714 1953 δὲ
2758 1888 2796 1967 ἡ
2846 1891 3067 1968 βαρεῖα
3119 1890 3223 1954 καὶ

537 2000 599 2051 15
640 1988 816 2057 ὀξεῖα
860 1988 948 2055 εἰς
995 1988 1210 2056 ὀξεῖαν
1255 1994 1722 2074 ςυναιροῦνται,
1768 1990 1821 2055 εἰ
1868 1993 1948 2070 μὴ
1994 1990 2252 2055 τονικὸν
2298 1989 2546 2074 κωλύςῃ
2591 1989 3029 2075 παράγγελμα,
3075 1991 3221 2057 οἷον

636 2090 802 2159 ζὼος
845 2092 1001 2175 ζώς,
1045 2093 1335 2172 Πρὸῖτου
1379 2092 1688 2177 Προίτου,
1733 2093 1958 2158 κὸῖλου
2001 2092 2254 2158 κοίλου·
2299 2092 2375 2157 τὸ
2419 2091 2542 2170 γὰρ
2588 2093 2807 2158 κοῖλος
2850 2097 3071 2159 κοῖλος
3115 2095 3221 2159 διὰ
3274 2140 3279 2146 ·

635 2193 894 2259 τονικόν
938 2194 1357 2274 παράγγελμα
1399 2194 1836 2274 περιεςπάςθη,
1896 2196 1972 2261 τὸ
2018 2195 2091 2259 δὲ
2134 2193 2518 2274 ἀδελφιδέος
2563 2192 2953 2275 ἀδελφιδοῦς
2997 2197 3101 2262 καὶ
3143 2198 3222 2262 τὰ

634 2296 827 2377 ὅμοια
871 2296 961 2361 δι’
994 2296 1218 2377 ἕτερον
1250 2298 1451 2375 λόγον
1495 2296 1944 2377 περιεςπάςθη·
1987 2297 2067 2362 τὰ
2109 2297 2232 2376 γὰρ
2277 2295 2366 2362 εἰς
2411 2297 2545 2361 off
2588 2297 2763 2362 ἁπλᾶ
2791 2298 3004 2363 πάντα
3046 2320 3219 2379 περι-

635 2402 862 2467 ςπᾶται
918 2397 1064 2466 οἷον
1111 2402 1295 2483 βοῦς,
1354 2403 1542 2483 χοῦς,
1596 2403 1816 2465 πλοῦς.
1903 2399 1983 2464 τὰ
2041 2400 2112 2464 δὲ
2168 2398 2435 2464 ςύνθετα
2491 2399 2828 2480 βαρύνεται
2886 2398 3032 2466 οἷον
3091 2403 3219 2467 Με-

499 2514 602 2599 ‘20
637 2502 959 2585 λάμπους,
1006 2501 1339 2587 Οἰδίπους,
1395 2501 1548 2568 ὅθεν
1604 2501 2023 2582 ςημειούμεθα
2076 2501 2151 2567 τὸ
2205 2501 2370 2567 πούς
2428 2503 2532 2568 καὶ
2585 2500 2782 2569 ὁδούς
2834 2503 3222 2583 παραλόγως

769 2725 807 2776 l.
849 2726 875 2775 1
914 2724 979 2776 Il.
1005 2726 1158 2778 Pros.
1199 2723 1241 2778 Α
1280 2727 1396 2777 302.
1433 2724 1477 2779 Α
1514 2727 1632 2779 255.
1668 2724 1863 2778 Choer.
1903 2725 2019 2788 763,
2059 2725 2138 2786 17,
2176 2725 2271 2790 qui
2306 2728 2543 2790 utroque
2581 2724 2701 2777 loco
2739 2724 2968 2778 laudato
3004 2741 3220 2792 causas,

635 2810 735 2845 cnr
769 2793 1099 2860 diphthongi
1134 2810 1232 2860 pro
1267 2794 1528 2845 brevibus
1564 2794 1939 2860 accipiantur,
1978 2792 2241 2860 explicite
2278 2794 2521 2860 exponit.
2730 2797 2886 2858 Quae
2922 2794 3013 2845 hio
3047 2796 3105 2845 in
3140 2795 3218 2847 Io.

635 2862 792 2915 Alex.
818 2863 1094 2928 prooemio
1120 2862 1155 2911 l.
1183 2865 1339 2929 3—p.
1368 2864 1449 2927 11,
1474 2866 1507 2913 4
1534 2862 1810 2929 leguntur,
1848 2864 2016 2913 etiam
2040 2878 2130 2928 ap.
2157 2861 2356 2914 Arcad.
2384 2864 2498 2926 175,
2529 2865 2692 2913 1-17
2718 2864 3084 2929 reperiuntur,
3125 2866 3221 2930 qui

617 2930 792 2991 ‚locus
809 2930 1037 2981 Arcadii
1053 2946 1164 2981 non
1187 2929 1456 2981 vilissima
1479 2931 1687 2981 lacinia
1706 2936 1810 2995 est,
1829 2936 1893 2982 ut
1912 2930 2216 2982 Schmidtio
2235 2930 2436 2982 editori
2454 2929 2690 2990 videtur,
2711 2931 2810 2984 sed
2829 2948 2896 2983 ex
2915 2932 3222 2983 Herodiani

635 2999 910 3116 prooelxlqio
944 2999 1022 3118 ἰπὶ
1039 2999 1282 3080 qli-enum
1327 2998 1507 3050 locum
1551 2999 1744 3051 illatus
1779 3004 1884 3052 est.
1953 2998 2115 3061 Quod
2148 3003 2212 3050 ut
2246 3000 2491 3066 perspici
2525 2997 2725 3066 possit,
2763 2999 2990 3051 Arcadii
3023 3001 3221 3052 sectio-

634 3083 759 3118 nem
834 3083 886 3117 10
921 3082 985 3117 su
1025 3083 1183 3118 uelo:

769 3133 909 3200 (ὅτι)
947 3135 1096 3186 πᾶςα
1131 3134 1375 3199 ςυλλαβὴ
1413 3133 1811 3201 περιςπωμένη
1849 3132 2012 3199 φύςει
2038 3133 2219 3200 μακρά
2243 3133 2373 3200 ἐςτι,
2411 3135 2503 3187 καὶ
2537 3134 2604 3188 οὐ
2630 3135 2774 3189 θέςει
2819 3136 2953 3188 οὔτε
2980 3137 3218 3202 βραχεῖα.

751 3201 911 3268 ’(δτι)
948 3203 1096 3254 πᾶςα
1133 3202 1276 3255 λέξις
1311 3202 1580 3256 οξύτονος
1617 3203 1679 3256 ἑν
1714 3207 1786 3270 τῇ
1823 3202 2087 3271 ςυνεπείᾳ
2114 3201 2340 3267 κοιμίζει
2375 3204 2484 3269 τὴν
2520 3203 2707 3258 οξεῖαν
2745 3175 2823 3257 εἷς
2860 3205 2967 3269 τὴν
2994 3206 3220 3270 βαρεῖαν

638 3271 808 3335 χωρὶς
844 3273 946 3323 τοῦ
985 3269 1095 3334 τίς,
1135 3271 1279 3337 ὅπερ
1315 3270 1589 3335 φυλάττει
1624 3272 1733 3338 τὴν
1769 3271 1984 3336 οξεῖαν,
2023 3272 2114 3324 καί
2157 3272 2328 3337 χωρὶς
2375 3269 2425 3324 εἰ
2471 3272 2544 3337 μὴ
2582 3273 2780 3338 ςτιγμή
2818 3272 3147 3338 ἑπιφέροιτο
3183 3273 3218 3338 ἢ

639 3337 951 3402 ἐγκλιτικον
989 3337 1101 3391 ἐςτι
1138 3337 1219 3402 (in
1255 3341 1453 3406 quibus
1488 3342 1671 3394 verbis
1708 3341 1886 3392 Sehm.
1923 3340 2014 3393 καὶ
2050 3342 2250 3392 iniuria
2286 3339 2558 3404 seclusit).

772 3406 910 3473 (ὅτι)
948 3408 1095 3460 πᾶςα
1132 3407 1275 3460 λέξις
1314 3409 1387 3474 μὴ
1425 3408 1824 3474 περιςπωμένη
1860 3408 1896 3473 ἢ
1934 3408 2244 3475 οξυνομένη
2284 3407 2595 3473 βαρύνεται.

770 3475 910 3541 (ὅτι)
955 3474 991 3538 ἡ
1039 3474 1191 3529 ὀξεῖα
1234 3477 1325 3529 καὶ
1371 3478 1563 3542 βαρεῖα
1607 3476 2005 3543 ςυνερχομεναι
2050 3474 2129 3529 εἰς
2173 3475 2480 3542 ςυναίρεςιν
2536 3491 2607 3529 πε
2647 3476 2970 3542 ιςπωμένην
3015 3475 3217 3530 ἀποτε-

633 3544 814 3606 λοθςι,
857 3542 1158 3609 [ἀνάπαλιν
1194 3544 1257 3597 δὲ
1280 3544 1316 3608 ἡ
1346 3547 1536 3611 βαρεῖα
1574 3546 1664 3599 καὶ
1700 3546 1853 3598 ὀξεῖα
1891 3543 1969 3598 εἰς
2006 3545 2192 3598 οξεῖαν
2217 3491 2644 3612 ςυναιροθνταιῖ
2672 3543 2821 3610 εἰμὴ
2856 3545 3085 3598 τονικὸν
3109 3562 3218 3598 κω-

633 3610 770 3678 λύςῃ
809 3611 1202 3678 παράγγελμα,
1251 3613 1330 3666 ὡς
1376 3614 1470 3667 ἐπὶ
1515 3617 1618 3667 τοῦ
1664 3613 1995 3679 ἀδελφιδέος
2040 3612 2375 3678 ἀδελφιδοῦς
2420 3613 2514 3665 καὶ
2559 3613 2918 3678 θυγατριδέος
2964 3616 3217 3680 θυγατρι-

632 3680 789 3732 δοῦς·
825 3683 1007 3733 ταῦτα
1041 3681 1148 3747 γὰρ
1184 3682 1580 3749 ςυναιρεθέντα
1615 3681 1719 3735 οὐκ
1756 3682 1969 3747 οξεῖαν,
2008 3681 2153 3735 ἀλλὰ
2189 3680 2623 3747 περιςπωμένην
2659 3682 2822 3746 έςχον
2860 3684 3053 3744 (verba
3088 3682 3217 3734 ἀνά-

633 3749 803 3800 πάλιν
839 3777 904 3784 ——
944 3746 1021 3801 εἰς
1067 3749 1253 3803 ὀξεῖαν
1297 3754 1685 3816 ςυναιροῦνται
1729 3751 2028 3803 inserenda
2072 3766 2190 3802 esse
2235 3756 2290 3801 et
2344 3766 2440 3816 pro
2485 3749 2812 3815 ἀδελφιδέος
2859 3751 3219 3817 θυγατριδέος

633 3817 923 3869 scribenda
958 3834 1078 3869 esse
1115 3818 1465 3884 ἀδελφιδέος,
1503 3818 1863 3885 θυγατριδέος
1900 3826 1958 3871 et
1992 3819 2313 3870 intellectus
2350 3819 2504 3869 docet
2527 3823 2585 3869 ot
2609 3820 2688 3871 10.
2715 3820 2802 3870 Al.
2827 3819 3216 3884 Prooemium).

768 3885 907 3951 (ὅτι)
944 3885 979 3950 ή
1019 3886 1173 3940 ὀξεῖα
1209 3888 1300 3940 καὶ
1344 3887 1445 3941 δύο
1484 3889 1694 3953 βαρεῖαι
1745 3886 1823 3940 εἰς
1870 3887 2058 3940 οξεῖαν
2103 3886 2193 3938 καὶ
2241 3887 2466 3952 βαρεῖαν
2511 3881 2871 3952 ςυνέρχονται
2906 3886 3217 3954 Διομήδεος

633 3952 976 4020 Διομήδους,
1015 3956 1186 4022 χωρὶς
1222 3954 1273 4008 εἰ
1308 3956 1382 4021 μὴ
1420 3956 1647 4008 τονικον
1683 3956 1910 4022 κωλύςῃ
1949 3954 2330 4021 παράγγελμα.

764 4024 801 4076 1.
839 4027 902 4074 12
940 4029 998 4074 ot
1035 4028 1098 4076 13
1135 4029 1266 4091 apto
1301 4025 1567 4076 Lehrsius
1601 4028 1772 4078 Arist.
1810 4042 1864 4092 p.
1901 4028 1996 4076 371
2049 4039 2172 4074 enm
2220 4029 2410 4075 nostro
2444 4022 2568 4074 loco
2605 4027 2891 4090 comparat
2928 4023 3108 4075 Schol.
3149 4024 3219 4074 ad

629 4092 860 4158 Dionys.
899 4094 1017 4155 688,
1054 4095 1145 4144 31:
1186 4091 1311 4144 εἶτα
1346 4106 1381 4143 τ
1422 4108 1456 4144 ν
1490 4090 1676 4145 αἰτίαν
1711 4091 2014 4145 ἀποδιδοὺς
2050 4091 2130 4143 δι’
2152 4091 2225 4157 ἣν
2261 4091 2329 4145 οὐ
2366 4090 2580 4144 τίθεται
2604 4094 2710 4143 νῦν
2747 4091 2841 4144 ἐπὶ
2877 4090 3056 4157 πάςης
3094 4093 3216 4144 ςυλ-

632 4160 806 4225 λαβῆς
843 4159 884 4222 ἡ
919 4160 1110 4225 βαρεῖα
1146 4158 1316 4225 φηςίν
1352 4173 1383 4212 «
1417 4176 1486 4213 να
1525 4161 1598 4226 μὴ
1626 4160 2156 4227 καταχαράςςωνται
2190 4160 2263 4213 τὰ
2300 4158 2476 4225 βιβλία
2512 4163 2687 4213 τοῦτο
2723 4162 2829 4212 νῦν
2865 4159 2931 4212 οὺ
2957 4158 3219 4223 γίνεται».

631 4226 1105 4292 ἐπιλαμβάνονται
1142 4227 1202 4280 δὲ
1239 4229 1443 4281 πολλοὶ
1486 4232 1589 4281 τοῦ
1635 4231 1896 4294 τεχνικοῦ
1944 4227 2037 4281 καί
2071 4243 2266 4293 φαςιν,
2306 4229 2393 4281 ὅτι
2439 4228 2543 4280 οὐκ
2579 4228 2787 4291 εὔλογα
2822 4229 2973 4281 δοκεῖ
3010 4227 3218 4291 λέγειν·

630 4296 775 4348 κατὰ
810 4295 918 4361 γὰρ
951 4298 1163 4348 τοῦτον
1197 4295 1303 4348 τὸν
1348 4297 1522 4360 λογον
1560 4298 1649 4350 καί
1695 4297 1728 4350 ο
1766 4297 1954 4363 εὑρὼν
1999 4296 2351 4361 ἐςφαλμένον
2388 4295 2597 4361 βιβλίον
2642 4296 2746 4349 οὐκ
2790 4295 3008 4362 ὀφείλει
3043 4300 3218 4349 τοῦτο

629 4364 980 4430 διορθοῦςθαι
1017 4363 1108 4415 καὶ
1144 4363 1287 4416 ξέειν
1321 4365 1394 4418 τά
1429 4368 1616 4418 κακῶς
1651 4366 1962 4432 γραφέντα,
2001 4364 2135 4417 ἀλλ’
2159 4364 2258 4418 ἐᾶν
2292 4363 2658 4431 άδιορτωτον,
2693 4363 2789 4417 ἵνα
2816 4365 2889 4430 μὴ
2912 4364 2983 4417 τὸ
3009 4364 3218 4429 βιβλίον

629 4431 870 4486 ἀκαλλές
916 4446 980 4483 τε
1027 4430 1216 4498 ὁρῷτο
1255 4432 1343 4486 καί
1379 4449 1505 4486 τινα
1540 4433 1760 4500 τρόπον
1794 4433 2007 4499 ἀμυχάς
2054 4433 2342 4498 ξεςμάτων
2387 4432 2819 4499 ἐπιφερόμενον.
3078 4434 3115 4484 l.
3155 4436 3218 4486 16

631 4501 699 4552 de
744 4500 892 4555 ζὼος
934 4498 1046 4553 ζώ(
1104 4502 1179 4552 of.
1226 4503 1289 4553 Il.
1327 4504 1416 4557 Pr.
1454 4501 1492 4555 Ε
1527 4504 1627 4554 887
1673 4504 1876 4556 Arcad.
1917 4506 2032 4564 127,
2072 4507 2116 4553 l.
2363 4503 2430 4553 de
2474 4502 2660 4554 κοῖλος
2705 4502 2852 4553 Mon.
2891 4504 2982 4565 21,
3022 4507 3050 4553 1
3097 4518 3219 4553 oum

628 4569 852 4621 Lehrsii
886 4569 1261 4624 adnotatione.
1438 4572 1474 4626 l.
1516 4575 1578 4623 17
1616 4572 1682 4623 de
1721 4570 2050 4636 ἀδελφιδέος
2091 4572 2196 4632 (sio
2229 4571 2376 4622 enim
2413 4587 2520 4621 non
2554 4579 2620 4622 ut
2655 4587 2745 4637 ap.
2781 4570 2983 4622 Arcad.
3023 4577 3081 4621 et
3114 4571 3218 4622 hoe

630 4638 756 4688 loco
791 4635 1122 4701 ἀδελφιδέος
1170 4639 1519 4690 scribendum
1556 4655 1681 4691 esse
1725 4643 2010 4691 sententia
2058 4638 2245 4707 docet)
2282 4637 2618 4704 ἀδελφιδοῦς
2654 4640 2725 4690 of.
2761 4644 2984 4705 praetor
3016 4638 3215 4690 Arcad.

629 4708 715 4768 93,
751 4707 783 4755 6
822 4708 988 4756 etiam
1023 4706 1222 4757 Choer.
1258 4709 1376 4772 246,
1412 4710 1472 4770 5,
1512 4725 1579 4759 ex
1624 4724 1731 4774 quo
1780 4708 2087 4758 derivatum
2127 4713 2214 4758 est
2248 4709 2312 4757 E.
2350 4710 2422 4758 M.
2463 4711 2545 4769 16,
2584 4710 2677 4758 141
2724 4708 2822 4758 ubi
2865 4707 3008 4761 falso
3051 4709 3217 4770 θυγα-

629 4770 845 4837 τρίδεος
871 4780 1348 4841 proparoxytonos
1372 4776 1647 4841 prolatum
1674 4780 1784 4837 θείς
1822 4776 2028 4827 iniuria.
2061 4776 2232 4840 igitur
2257 4774 2479 4827 Curtius
2508 4775 2839 4842 Grundziige
2875 4775 2973 4827 der
2998 4770 3215 4828 Grieoh.

630 4841 979 4960 Et{mologie
1016 4842 1074 4895 11
1107 4843 1207 4895 202
1251 4844 1503 4896 Nauckio
1548 4844 1828 4910 Aristoph.
1881 4846 2014 4908 Byz.
2054 4846 2153 4895 145
2196 4849 2310 4894 not.
2344 4847 2413 4896 43
2456 4842 2787 4909 ἀδελφίδεος
2836 4845 3013 4896 tuenti
3067 4843 3215 4895 edati

630 4925 704 4977 pu
729 4915 870 4961 atur.
