3664 5546
547 419 668 467 XVI
1628 418 2048 467 PRAEFATIO.

463 637 475 650 ,
546 597 689 638 esse
733 583 949 658 negat.
1043 572 1122 636 In
1180 574 1617 657 suspicionem
1674 582 1869 637 vocat
1925 570 2290 635 Herodiani
2342 571 2637 636 libellum
2693 572 2838 650 περὶ
2903 574 3132 652 βαρβα-

545 681 766 756 ριςμοῦ
812 675 1151 740 laudatum
1196 675 1264 738 in
1295 675 1643 760 Excerptis
1691 671 2292 759 grammaticalibus
2340 695 2376 736 e
2418 672 2577 737 cod.
2611 674 2881 737 Barocc.
2916 672 3129 735 Uram.

543 776 650 841 III
693 776 920 842 263-
960 777 1117 853 278,
1175 798 1342 863 quae
1398 785 1464 840 et
1518 777 1667 862 ipsa
1719 775 2168 841 inscribuntur
2223 774 2292 839 ἐκ
2348 780 2480 841 τῶν
2536 779 2653 839 τοῦ
2710 775 3132 857 Ἡρωδιανοῦ,

542 901 706 965 quae
765 899 1162 965 quamquam
1219 876 1541 964 quaedam
1585 877 2005 942 Herodianea
2062 877 2432 958 continent,
2488 884 2709 940 tamen
2752 897 2882 939 non
2924 874 3133 940 Hero-

541 979 721 1044 diani
766 1002 907 1045 esse
936 980 1192 1045 ostendi
1222 980 1291 1042 in
1323 988 1803 1066 programmate
1835 978 2252 1049 scholastico,
2300 977 2478 1063 quod
2508 977 2815 1063 inscripsi
2846 976 3133 1042 Schedas

539 1081 1024 1163 Herodianeas,
1081 1082 1149 1145 in
1205 1104 1330 1168 quo
1385 1081 1706 1168 quaedam
1762 1081 1844 1146 de
1901 1079 2200 1144 omnibus
2269 1078 2392 1143 sub
2447 1078 2814 1144 Herodiani
2876 1079 3137 1143 nomine

473 1268 485 1277 μ
540 1184 608 1246 in
664 1184 793 1248 An.
841 1183 967 1248 Ox.
1016 1183 1125 1247 III
1180 1182 1376 1248 editis
1437 1184 1697 1269 scriptis
1766 1182 2066 1269 exposui.
2165 1181 2414 1247 Locum
2477 1190 2695 1246 autem
2737 1179 2954 1264 illum,
3021 1180 3135 1244 ubi

535 1285 779 1349 citatur
808 1284 1064 1350 libellus
1110 1284 1284 1371 περῖὶ
1329 1291 1702 1367 βαρβαρις
1716 1307 1890 1369 μου,
1935 1283 2245 1370 plenum
2228 1305 2359 1346 iam
2388 1282 2495 1347 hic
2527 1305 2729 1369 pono:
2776 1284 2992 1347 Cram.
3025 1281 3135 1345 III

537 1380 665 1449 264
711 1387 1049 1466 (ημείωςαι
1107 1388 1211 1452 ἐπὶ
1265 1393 1395 1452 τῶν
1440 1391 1638 1466 τριῶν
1693 1388 1947 1452 τούτων
2010 1387 2384 1466 διφθόγγων
2440 1391 2522 1450 0—13
2566 1390 2649 1450 ἐῦ
2694 1388 2749 1450 εἶ
2804 1385 2901 1450 ὅτι
2948 1405 3132 1465 μετα-

540 1489 923 1569 βαλλόμεναι
980 1489 1050 1554 ἐν
1107 1492 1246 1553 ταῖς
1301 1489 1525 1553 κλίςεςι
1580 1495 1714 1553 τῶν
1772 1488 2113 1569 ὀνομάτων
2162 1489 2252 1552 ὡς
2304 1488 2379 1551 τὸ
2439 1492 2590 1567 βοῦς
2636 1487 2820 1568 βοός,
2876 1485 3132 1564 Πηλεύς

539 1589 843 1671 Πηλέως,
903 1592 1139 1670 χαρίεις
1202 1592 1533 1670 χαρίεντος
1577 1592 1837 1670 με’νουςι
1881 1589 2302 1669 ἀμετάβλητοι
2347 1586 2417 1653 ἐν
2461 1592 2600 1652 τοῖς
2644 1587 3131 1669 παρῳχημένοις

541 1690 686 1756 οἷον
734 1691 913 1770 οὐρῶ
960 1692 1234 1775 οὔρουν,
1293 1693 1558 1773 εὔχομαι
1615 1692 1928 1774 εὐχόμην,
1986 1691 2211 1757 εἰκάζω
2268 1688 2538 1755 εἴκαζον.
2595 1725 2681 1735 -
2734 1687 2775 1750 ἃ
2831 1688 2902 1751 δὲ
2947 1707 3130 1767 μετα-

539 1792 886 1873 βάλλονται
932 1793 1002 1858 ἐν
1047 1799 1187 1858 ταῖς
1232 1795 1720 1878 παρῳχημένοις
1767 1793 1858 1857 ὡς
1900 1792 1976 1855 τὸ
2022 1792 2308 1871 ηὐχόμην
2354 1792 2456 1855 καὶ
2499 1790 2883 1872 ηὐλόγηςεν,
2938 1790 3130 1854 Ἀττι-

537 1901 664 1958 κῶς
703 1882 1225 1975 Ιμεταβάλλονται
1280 1895 1318 1973 ἢ
1378 1900 1799 1976 βαρβαρικῶς,
1859 1894 2069 1957 καθὼς
2123 1893 2605 1972 Ἡρωδιανὸς
2664 1891 2745 1956 ἐν
2799 1898 2906 1975 τῶ
2952 1891 3131 1969 περὶ

541 2000 1071 2075 βαρβαριςμοῦ
1117 1997 1543 2076 διαλαμβάνει.
1613 1993 1891 2058 Librum
1937 1996 2084 2073 περὶ
2127 1995 2460 2073 ςχημάτων
2506 2014 2546 2057 a
2589 1991 2934 2057 Dindorfio
2981 2012 3127 2053 eum

537 2096 786 2159 Ioanne
831 2095 1317 2175 Alexandrino,
1365 2118 1405 2159 a
1433 2094 1693 2159 Walzio
1739 2104 1804 2158 et
1850 2091 2199 2180 Spengelio
2243 2095 2464 2159 Rhett.
2511 2093 2747 2158 Graec.
2794 2092 2905 2157 III
2947 2116 3012 2179 p.
3046 2092 3130 2156 85

539 2195 786 2260 editum
832 2206 897 2259 et
924 2196 1090 2260 bene
1124 2196 1438 2280 scriptum
1470 2206 1537 2260 et
1568 2205 1672 2260 sat
1702 2196 2072 2281 antiquum,
2120 2195 2238 2260 sed
2267 2206 2537 2282 propter
2570 2194 2890 2281 quasdam
2919 2193 3126 2257 Hero-

537 2298 728 2361 diano
798 2319 927 2361 non
992 2306 1425 2380 congruentes
1505 2295 1976 2382 explicationes
2046 2298 2375 2380 (ἐννέπετε
2444 2299 2828 2377 ςφέτερον
2896 2296 3127 2376 πατέρ’

536 2398 897 2478 ὑμνείουςαι
943 2420 1006 2483 p.
1050 2396 1169 2478 49,
1220 2397 1300 2460 10
1342 2397 1541 2462 Dind.
1586 2397 1818 2463 collato
1868 2397 2217 2485 Apollonio
2270 2397 2353 2462 de
2397 2420 2684 2483 pronom.
2731 2398 2847 2474 39,
2897 2397 3019 2460 140
3062 2405 3129 2460 et

536 2523 599 2584 p.
645 2498 759 2582 60,
827 2499 905 2563 16
959 2504 1070 2578 τῆς
1126 2500 1193 2564 δ’
1249 2500 1329 2579 ἦν
1383 2506 1553 2581 τρεῖς
1606 2500 1879 2581 κεφαλαί
1932 2499 2149 2565 collat.
2205 2498 2385 2563 Mon.
2439 2500 2553 2584 44)
2611 2499 2696 2564 ab
2750 2498 3129 2565 Herodiano

534 2624 664 2664 non
707 2602 1074 2687 profectum
1118 2625 1260 2667 esse
1306 2603 1447 2667 iure
1490 2613 1712 2679 censet
1752 2602 2086 2667 Lehrsius.

706 2703 836 2785 Qui
882 2707 1251 2791 nuperrime
1306 2715 1725 2793 conspectum
1780 2707 2173 2792 scriptorum
2215 2703 2775 2770 Herodianeorum
2831 2702 3128 2768 exhibuit

535 2807 600 2871 la
644 2805 864 2871 Roche
909 2808 1036 2873 Die
1081 2808 1510 2873 Homerische
1555 2809 2015 2874 Texteskritik
2070 2808 2160 2871 im
2204 2807 2585 2873 Alterthum
2639 2830 2704 2893 p.
2754 2805 2876 2870 114
2919 2828 3123 2892 seqq.,

535 2909 675 2994 ipse
721 2931 804 2972 ex
856 2908 1191 2975 codicibus
1236 2910 1858 2975 Vindobonensibus
1920 2908 2129 2974 edidit
2188 2909 2351 2974 1863
2407 2911 2798 2990 παρεκβολαὶ
2851 2913 2968 2973 τοῦ
3023 2928 3125 2987 με-

534 3013 740 3086 γάλου
788 3012 1066 3091 ῥήματος
1112 3013 1180 3077 ἐκ
1224 3018 1355 3078 τῶν
1400 3014 1801 3091 Ἡρωδιανοῦ
1858 3019 1922 3074 et
1966 3011 2089 3075 sub
2136 3010 2496 3074 Herodiani
2553 3011 2815 3073 nomine
2866 3008 2934 3069 in
2978 3005 3121 3069 cod.

533 3111 819 3175 Vindob.
885 3112 1005 3174 172
1061 3109 1353 3176 libellum
1409 3114 1555 3191 περὶ
1608 3117 1866 3192 μακρῶν
1921 3111 2022 3175 καὶ
2088 3115 2401 3191 βραχειῶν
2467 3113 2798 3188 ςυλλαβῶν
2864 3117 2930 3171 et
2995 3106 3123 3169 alia

534 3210 856 3297 quaedam
912 3212 1160 3296 scripta
1212 3212 1281 3273 in
1335 3211 1563 3274 eodem
1618 3220 1685 3274 et
1738 3209 1883 3274 aliis
1940 3209 2079 3275 cod.
2132 3209 2746 3275 Vindobonensibus
2804 3208 3121 3272 contineri

529 3311 722 3386 dicit,
768 3333 934 3396 quae
978 3312 1331 3376 maximam
1376 3321 1629 3398 partem
1684 3334 1724 3375 a
1766 3311 2206 3395 grammaticis
2243 3310 2585 3397 Byzantiis
2629 3331 2714 3373 ex
2760 3308 3124 3373 Herodiani

534 3411 754 3493 libris,
799 3422 877 3477 ut
920 3411 1210 3497 videtur,
1268 3436 1385 3500 per
1429 3415 1740 3498 ambages
1787 3412 2137 3498 compilata
2180 3435 2322 3477 esse
2366 3409 2796 3498 probabiliter
2838 3433 3117 3496 pronun—

535 3515 685 3578 ciat.
750 3515 983 3601 Itaque
1028 3516 1225 3579 etiam
1270 3515 1431 3579 haec
1476 3539 1515 3579 a
1558 3515 1855 3600 germani
1885 3513 2251 3580 Herodiani
2296 3514 2558 3600 scriptis
2605 3512 3015 3597 segreganda
3054 3522 3121 3576 et

532 3617 702 3680 inter
746 3616 1143 3681 subsidiaria
1199 3618 1631 3682 instrumenta
1686 3616 2087 3681 numeranda
2141 3625 2321 3696 sunt,
2382 3637 2547 3701 quae
2590 3638 2720 3679 non
2764 3615 2856 3680 ita
2900 3615 3121 3699 magni

533 3718 838 3782 facienda
895 3741 1038 3783 esse
1084 3719 1483 3805 compara-tio
1529 3740 1570 3780 a
1612 3716 1676 3780 la
1720 3717 1967 3782 Rochio
2012 3716 2171 3781 editi
2212 3715 2419 3782 libelli
2465 3738 2610 3780 cum
2663 3716 3120 3782 Choerobosco

531 3820 823 3882 instituta
871 3821 1177 3886 ostendit.
2261 3814 2265 3817 ’

703 3921 945 3985 Omisit
997 3921 1309 3986 Lehrsius
1372 3923 1677 4002 ἐλέγχους
1735 3922 1814 3987 Ε.
1876 3923 2101 3986 Orion.
2148 3923 2259 4002 41,
2308 3921 2344 3985 7
2400 3922 2671 4001 γρυπός·
2738 3920 2935 4000 ῥυβόν
2993 3919 3114 3984 ἐςτι

533 4026 706 4103 παρὰ
749 4028 887 4088 τοῖς
929 4025 1210 4089 Αἰολεῡςι
1257 4028 1385 4089 κτλ.
1465 4025 1670 4089 οὕτως
1715 4025 2114 4104 Ἡρωδιανὸς
2168 4026 2238 4088 ἐν
2282 4028 2419 4089 τοῖς
2460 4025 2777 4102 Ἐλὲγχοις
2822 4022 2907 4086 ob
2953 4020 3115 4084 duas

533 4148 796 4206 causaS,
849 4125 1130 4211 primum
1188 4125 1362 4211 quod
1416 4125 1540 4190 hoc
1595 4149 1723 4189 uno
1793 4134 2047 4189 tantum
2112 4125 2252 4191 loco
2319 4134 2584 4211 propter
2638 4146 2775 4187 rem
2841 4123 3117 4187 similem

533 4227 858 4293 sexcentis
916 4225 1057 4289 aliis
1117 4225 1476 4291 Herodiani
1537 4227 1734 4290 ctiam
1788 4227 1874 4292 ab
1926 4228 2065 4313 ipso
2112 4227 2353 4292 Orione
2405 4223 2628 4290 relatis
2673 4226 3114 4291 notationibus

531 4330 848 4411 citantur,
906 4327 998 4392 ita
1041 4340 1115 4393 ut
1157 4353 1286 4392 non
1332 4326 1682 4414 singularis
1727 4326 1896 4393 liber
1937 4328 2059 4393 hoc
2100 4328 2290 4393 titulo
2341 4329 2693 4413 inscriptus
2738 4326 3114 4411 intellegen—

532 4432 652 4496 dus
700 4430 1002 4496 videatur
1048 4430 1164 4494 sed
1209 4432 1428 4517 potius
1475 4431 1885 4516 significatus
1931 4453 2075 4495 esse
2105 4431 2283 4494 locus
2329 4428 2593 4516 quidam
2636 4429 2704 4491 in
2734 4429 2951 4516 aliquo
2983 4428 3113 4492 Hc-

531 4532 788 4596 rodiani
835 4532 1112 4617 scripte,
1169 4533 1282 4599 ubi
1339 4534 1664 4598 sententia
1717 4532 1991 4596 aliorum
2037 4533 2118 4596 de
2162 4553 2324 4596 voce
2369 4532 2562 4612 ῥυβός
2616 4531 2905 4595 refutata
2948 4540 3112 4610 erat,

532 4633 705 4720 quod
761 4633 1005 4698 factum
1060 4655 1202 4697 esse
1259 4635 1473 4720 potuit
1529 4632 1634 4698 vel
1689 4634 1756 4695 in
1812 4633 1978 4698 libro
2035 4636 2180 4713 περὶ
2223 4639 2448 4700 παθῶν
2501 4632 2607 4696 vel
2663 4634 2731 4695 in
2776 4630 3115 4697 Catholica

530 4735 599 4798 in
644 4758 889 4799 canone
933 4734 1015 4798 dc
1059 4736 1397 4801 vocabulis
1442 4737 1509 4800 in
1557 4758 1715 4816 πος,
1764 4736 1871 4799 cui
1916 4735 2159 4798 inserui
2203 4734 2414 4800 locum
2458 4734 2537 4798 E.
2562 4734 2845 4798 Orionis,
2890 4733 3112 4796 Caete-

531 4859 674 4900 rum
708 4837 788 4901 de
825 4836 945 4900 hoc
988 4836 1453 4902 vocabulorum
1485 4840 1769 4917 ἐλέγχειν
1803 4839 2069 4916 ἔλεγχος
2100 4835 2469 4919 significatu
2502 4836 2586 4899 cf.
2621 4859 2677 4899 e.
2709 4857 2773 4918 g.
2816 4832 2891 4896 11.
2926 4832 3109 4895 Pros.
