3664 5546
643 339 771 404 452
1580 339 1663 393 ΕΚ
1701 339 1844 394 ΤΩΝ
1885 339 2297 393 ΗΡΩΔΙΑΝΟΥ

813 511 908 575 Τὰ
951 510 1042 574 εἰς
1085 514 1185 588 ρ-ιῑι
1230 511 1313 589 μὴ
1359 509 1552 575 ὄντος
1596 508 1727 588 πρὸ
1770 513 1889 574 τοῦ
1932 513 1972 587 ὅ
2015 510 2398 592 ςυμφώνου,
2447 506 2508 572 ἐἰ
2559 509 2997 588 παραλήγοιτο
3053 513 3145 592 τῷ
3192 508 3236 571 ὃ

642 612 825 696 μόνῳ
880 613 923 691 ἢ
977 612 1121 691 μεθ’
1174 602 1400 690 ἑτέρου
1458 610 1870 695 φωνήεντος,
1927 614 2333 693 περιςπᾶται,
2387 610 2686 692 ἀγορῶ,
2742 610 3047 692 ἀφορῶ,
3104 609 3234 673 εὐ-

639 720 896 796 πορῶ,
952 712 1262 796 ἀπορῶ,
1317 716 1842 794 καρποφορῶ,
1898 712 2211 796 ἱςτορῶ,
2268 713 2694 798 ἐπικουρῶ,
2750 710 3066 793 ἀμοιρῶ.
3153 712 3234 774 τὸ

638 816 711 879 δὲ
754 814 914 893 ὄρω
963 814 1113 880 «ὅτε
1156 814 1221 879 τ’
1266 814 1518 893 ὤρετο»
1564 812 1672 896 (Il.
1722 814 1785 878 Μ
1829 811 1987 896 279)
2033 814 2245 895 «ὦρτο
2288 814 2461 879 πολὺ
2516 819 2775 893 πρῶτος
2819 814 2976 893 μὲν»
3021 809 3130 894 (Il.
3180 812 3229 876 Η

576 924 610 979 5
646 914 798 998 162)
845 916 1115 996 «ὄρθαι»
1159 917 1244 999 (Θ
1286 915 1442 997 474)
1488 915 1847 998 βαρύτονόν
1894 916 2076 982 ἐςτιν.

808 1018 904 1082 Τὰ
948 1018 1054 1082 διὰ
1097 1022 1215 1082 τοῦ
1260 1020 1428 1096 ’ᾶῑρῖι
1475 1017 1842 1101 βαρύνεται,
1900 1019 2096 1097 χωρὶς
2149 1018 2204 1084 εἰ
2258 1020 2341 1099 μὴ
2383 1019 2546 1098 παρ’
2591 1018 2801 1097 ὄνομα
2854 1016 2952 1095 εἴη
2966 1066 2985 1098 ,
3042 1036 3232 1096 μαρ-

636 1119 925 1202 μαίρω,
964 1118 1393 1202 καρκαίρω,
1441 1120 1733 1197 ςπαίρω
1778 1120 1883 1184 καὶ
1913 1119 2296 1204 ἀςπαίρω,
2328 1120 2604 1202 χαίρω,
2634 1119 3005 1201 γεραίρω,
3035 1116 3230 1196 αἴρω

633 1222 711 1285 τὸ
755 1222 1077 1303 κουφίζω,
1123 1221 1187 1288 ἐξ
1220 1218 1298 1285 οὗ
1342 1221 1420 1286 τὸ
1465 1219 1788 1299 ἐπαίρω·
1834 1222 1910 1285 τὸ
1942 1223 2014 1285 δὲ
2044 1219 2234 1298 αἰρῶ
2264 1222 2487 1285 καὶτὰ
2518 1220 2639 1285 ἀπ’
2668 1220 2870 1285 αὐτοῦ
2899 1220 3230 1300 ἀναιρῶ,

635 1326 949 1406 διαιρῶ,
1004 1326 1379 1405 καθαιρῶ,
1436 1325 1774 1402 ςυναιρῶ
1818 1326 2266 1401 περιςπῶνται.
2353 1321 2430 1386 τὸ
2488 1324 2559 1385 δὲ
2620 1325 2922 1402 ςφαιρῶ
2976 1322 3107 1400 ἔχει
3148 1322 3230 1384 τὸ

536 1429 603 1481 10
639 1427 881 1504 ςφαῖρα
924 1424 1029 1489 καὶ
1071 1423 1353 1501 ἑταιρῶ
1396 1425 1473 1489 τὸ
1518 1425 1786 1503 ἑταῖρος.

805 1524 900 1589 Τὰ
945 1525 1051 1588 διὰ
1094 1527 1212 1588 τοῦ
1257 1527 1409 1603 εἰρ-υῑι
1454 1527 1825 1608 βαρύνεται,
1871 1524 1927 1590 εἰ
1972 1526 2054 1604 μὴ
2094 1524 2256 1603 παρ’
2299 1524 2509 1603 ὄνομα
2551 1522 2678 1607 εἴη,
2724 1524 2959 1604 μείρω
3002 1525 3077 1589 τὸ
3108 1545 3232 1604 με-

634 1627 820 1709 ρίζω,
875 1624 1133 1708 τείρω,
1189 1626 1521 1709 φθείρω,
1578 1625 1795 1708 εἴρω,
1854 1627 2171 1709 ςπείρω,
2232 1625 2802 1709 κείρω,.πείρω
2870 1628 3228 1706 «παννυχίη

634 1729 749 1809 μὲν
808 1726 876 1805 ῥ’
920 1726 959 1805 ἥ
1002 1747 1074 1803 γε
1119 1726 1223 1790 καὶ
1264 1725 1360 1804 ἠῶ
1414 1730 1595 1805 πεῖρε
1651 1729 1999 1792 κέλευθον»
2047 1724 2203 1809 (Od.
2249 1733 2286 1807 β
2337 1726 2524 1812 434),
2589 1728 2854 1812 δείρω,
2917 1728 3227 1812 ἐγείρω,

636 1829 1030 1912 οἰκτείρω,
1086 1827 1368 1908 ἑθείρω
1423 1829 1499 1893 τὸ
1557 1829 1622 1894 ἐξ
1677 1827 1869 1894 ἔθους
1922 1849 1981 1893 τι
2038 1829 2530 1911 διαπράττομαι,
2591 1828 2862 1914 ἀείρω,
2918 1828 3227 1907 ἀγείρω.

534 1936 598 1988 15
634 1931 710 1995 τὸ
756 1931 828 1995 δὲ
871 1934 1147 2013 πειρῶ,
1193 1929 1291 1995 ὅτι
1336 1914 1569 2014 πεῖρα,
1601 1931 1704 1995 καὶ
1746 1930 1824 1994 τὸ
1869 1934 2138 2012 χειρῶ,
2183 1930 2281 1996 ὅτι
2325 1932 2476 2010 χείρ.

804 2028 897 2097 Τὰ
963 2033 1068 2096 διὰ
1132 2034 1249 2097 τοῦ
1318 2035 1453 2110 Diffi}
1517 2031 1938 2111 ἐκτεταμένον
2002 2032 2080 2095 τὸ
2148 2032 2186 2094 fi
2253 2031 2490 2111 ἔχοντα
2554 2033 2925 2116 βαρύνεται,
2985 2034 3227 2117 ςύρω,

633 2133 930 2217 πτύρω,
997 2132 1222 2212 φύρω
1282 2134 1386 2198 καὶ
1441 2138 1663 2213 φυρῶ
1720 2133 2240 2216 περιςπιίιμενον,
2306 2133 2706 2217 μορμύρω,
2758 2134 3229 2217 πλημμύρω,

634 2234 926 2317 ὀδύρω,
974 2233 1038 2300 ἐξ
1084 2232 1164 2298 οὗ
1208 2235 1286 2299 τὸ
1331 2233 1677 2318 ὀδύρομαι,
1723 2234 2136 2316 ὀλοφύρω,
2181 2233 2246 2300 ἐξ
2293 2233 2375 2299 οὗ
2415 2236 2491 2299 τὸ
2537 2235 2981 2318 ὀλοφύρομαι,
3031 2256 3226 2314 πορ-

632 2336 870 2417 φύρω.
954 2335 1034 2400 τὰ
1080 2336 1296 2416 μέντοι
1340 2336 1579 2415 ἔχοντα
1623 2336 2127 2417 ςυνεςταλμένον
2172 2336 2248 2400 τὸ
2293 2341 2330 2400 ῦ
2374 2339 2780 2419 περιςπᾶται,
2825 2322 3227 2422 μαρτυρῶ,

531 2444 599 2495 20
632 2437 984 2518 ἀργυρῶ,
1029 2442 1282 2520 πυρῶ,
1325 2441 1568 2520 ξυρῶ,
1626 2442 1831 2516 κυρῶ
1877 2437 1955 2502 τὸ
1999 2437 2332 2521 τυγχάνω,
2387 2440 2505 2501 τοῦ
2549 2438 2622 2501 δὲ
2665 2439 2873 2517 κύρω
2916 2440 2993 2503 τὸ
3041 2431 3079 2471 ⁰
3124 2438 3228 2502 ἐκ-

629 2540 897 2605 τέταται.

798 2640 894 2705 Τὰ
959 2639 1047 2704 εἰς
1110 2643 1209 2718 ρῖῑῐ
1273 2640 1773 2721 παραληγόμενα
1838 2640 2174 2725 διφθόγγῳ
2232 2647 2308 2725 τῇ
2376 2640 2480 2705 διὰ
2543 2645 2662 2706 τοῦ
2728 2643 2766 2708 ὖ
2825 2640 3225 2726 περιςπᾶται,

632 2743 989 2826 ἀμαυρῶ,
1033 2741 1270 2827 εὑρῶ,
1316 2742 1744 2827 ἐπικουρῶ,
1792 2742 2155 2822 οἰκουρῶ.

799 2843 894 2909 Τὰ
948 2843 1035 2908 εἰς
1078 2847 1182 2921 ρ-υἱ
1225 2845 1464 2924 ἔχοντα
1507 2844 1863 2924 ἐπιπλοκὴν
1909 2844 2293 2927 ςυμφώνου,
2354 2843 2550 2909 ὁπότε
2606 2846 2689 2925 μὴ
2735 2845 3058 2923 ςυγκοπὴν
3113 2844 3226 2926 ἑμ-

527 2955 593 3004 25
629 2946 883 3030 φαίνοι,
927 2949 1332 3031 περιςπᾶται,
1379 2952 1662 3027 μετρῶ,
1715 2953 2164 3029 γεωμετρῶ,
2222 2945 2454 3028 ἱδρῶ,
2509 2952 2811 3030 κοπρῶ,
2866 2953 3224 3031 πιμπρῶ,

629 3052 1034 3130 ποδαγρῶ,
1082 3052 1369 3132 λυτρῶ,
1415 3049 1480 3115 ἐξ
1526 3046 1606 3112 οὗ
1650 3050 1726 3114 τὸ
1771 3051 2137 3128 λυτροῦμαι.
2203 3048 2280 3112 τὸ
2326 3049 2397 3112 δὲ
2441 3048 2644 3126 ἔγρω
2688 3048 2849 3112 κατὰ
2892 3051 3222 3128 ςυγκοπὴν

629 3153 746 3214 τοῦ
791 3149 1033 3228 ἐγείρω.

803 3274 841 3309 ιι
886 3250 1093 3316 Οὐδὲν
1161 3250 1328 3332 ῥῆμα
1381 3254 1584 3329 λῆγον
1651 3252 1741 3317 εἰς
1802 3253 1841 3330 ἴ)
1887 3251 2268 3334 διςύλλαβον
2333 3253 2493 3318 κατὰ
2556 3255 2672 3332 τὴν
2739 3259 2873 3319 τῶν
2925 3259 3222 3330 ποιητῶν

765 3573 803 3624 1.
840 3577 874 3624 4
910 3568 1029 3638 ὄρω
1068 3573 1260 3625 addidi
1297 3590 1365 3625 ex
1398 3574 1467 3626 11.
1503 3576 1590 3625 Pr.
1626 3572 1674 3627 Θ
1710 3577 1836 3627 474:
1884 3575 2070 3643 ὄρθαιε
2117 3575 2233 3628 ἀπὸ
2279 3574 2593 3641 βαρυτόνου
2639 3576 2743 3626 τοῦ
2790 3575 2909 3640 ὄρω
2945 3572 3218 3629 κέκλιται·

630 3637 719 3693 ὅτι
753 3640 813 3691 δ’
846 3640 959 3691 ἔςτι
995 3640 1313 3707 βαρύτονον
1347 3642 1418 3693 τὸ
1455 3641 1575 3707 ὄρω
1611 3642 1900 3707 πρόδηλον
1935 3643 1996 3696 ἐκ
2030 3646 2136 3696 τοῦ
2174 3645 2317 3710 κτλ.,
2357 3644 2611 3696 similiter
2643 3644 2993 3695 Herodianus
3027 3645 3222 3709 paullo

629 3707 954 3840 ἓὲΡὲίριὲρω
990 3711 1246 3829 Ῑέῖῖῗῒῶ
1285 3709 1679 3842 πεὲιεῖιῶῗὲρὲ
1706 3709 2351 3832 ἔξρῖἓζῗαῖοἳῖῗθῗΜ
2386 3728 2453 3829 ‘³3‘
2490 3712 3006 3842 'fssssffsszsstsssdssff
3040 3738 3109 3829 ἐξ
3145 3713 3219 3831 ‘ff’

628 3845 717 3894 Pr.
756 3842 801 3895 Ω
835 3846 893 3894 8:
930 3792 1194 3910 πείρωνερ
1211 3843 1512 3910 Πάμφιλος
1549 3841 1790 3913 περιςπᾷ
1824 3844 2012 3909 λέγων
2054 3818 2503 3912 τὴν’πρόςθεςιν
2535 3848 2641 3897 τοῦ
2678 3850 2711 3898 ἶ
2755 3845 2828 3911 μὴ
2865 3822 3219 3899 ἐξαλλάςςειν

627 3911 734 3962 τὸν
784 3910 983 3964 τόνον·
1038 3911 1089 3966 εί
1131 3912 1193 3964 δὲ
1239 3915 1398 3978 περῶ
1445 3911 1604 3965 οἶδεν
1650 3913 1682 3965 ὁ
1720 3915 1960 3978 ποιητὴς
2004 3913 2075 3966 τὸ
2111 3914 2261 3980 ῥῆμα
2305 3914 2396 3966 καὶ
2441 3912 2690 3979 περόωςι
2727 3913 2853 3978 (Od.
2889 3915 2918 3967 ζ
2952 3915 3073 3978 272)
3120 3916 3218 3966 καὶ

626 3978 854 4046 «περάᾳ
890 3979 1033 4044 μέγα
1072 3981 1321 4044 λαῖτμα»
1358 3981 1488 4046 (Od.
1527 3995 1553 4033 ε
1592 3982 1711 4045 174)
1757 3982 1935 4047 δῆλον
1970 3981 2062 4034 δτι
2102 3984 2193 4033 καί
2237 3984 2467 4048 πειρῶν.
2546 3980 2579 4032 ὁ
2664 3979 2815 4033 έντοι
2862 3979 3218 4047 Ἀρίςταρχος

628 4046 891 4111 βαρύνων
924 4047 1292 4112 ἀναγινώςκει
1330 4047 1408 4099 ὡς
1445 4045 1668 4112 κείρων.
1738 4050 1873 4115 φηςί
1908 4051 2052 4113 γοῦν
2085 4049 2244 4102 οὕτω
2278 4049 2575 4113 γινόμενος
2648 4049 2712 4100 πὶ
2745 4050 2852 4101 τοῦ
2887 4050 3216 4116 «παννυχίη

626 4114 783 4168 κτλ.»
814 4116 885 4167 τὸ
921 4119 1079 4181 πεῖρε
1114 4115 1352 4168 διδάςκει
1396 4114 1542 4178 ἡμᾶς
1588 4116 1679 4167 καὶ
1722 4117 1834 4182 τὴν
1878 4115 2096 4182 πείρων
2139 4117 2386 4182 μετοχὴν
2433 4115 2714 4181 βαρύνειν·
2761 4115 2841 4168 ὡς
2884 4116 2991 4182 γὰρ
3032 4115 3217 4182 ἔκειρε

628 4181 863 4246 κείρων,
900 4182 1088 4236 οὕτως
1125 4184 1313 4250 ἔπειρε
1348 4181 1579 4247 πείρων.
1650 4181 1701 4236 εἰ
1732 4184 1842 4249 γὰρ
1878 4188 2245 4250 περιεςπᾶτο,
2282 4184 2358 4249 ἦν
2391 4182 2463 4235 ἂν
2499 4183 2531 4235 ὁ
2555 4183 2937 4250 παρατατικὸς
2960 4182 3216 4248 ἐπείρα».

629 4249 778 4301 ἔςτιν
814 4249 918 4302 οὖν
962 4250 1158 4303 διττὸν
1199 4251 1271 4303 τὸ
1316 4250 1468 4316 ῥῆμα
1513 4251 1603 4302 καὶ
1648 4251 1718 4303 τὸ
1765 4252 1870 4315 μὲν
1915 4252 2015 4304 ςὺν
2056 4256 2143 4318 τῷ
2178 4255 2212 4305 ῖ
2251 4252 2340 4318 (οὐ
2388 4252 2516 4319 ins.)
2552 4251 3067 4317 περιςπαςθήςεται.
3137 4254 3218 4306 ef.

626 4319 805 4369 Lehrs
840 4319 1007 4369 Arist.
1041 4322 1142 4371 303
1177 4319 1264 4369 ed.
1301 4320 1381 4377 11,
1420 4319 1557 4370 Lob.
1586 4320 1775 4370 Rhem.
1807 4323 1923 4371 154.
1956 4347 2023 4356 -—
2059 4318 2229 4385 δείρω
2266 4326 2324 4372 et
2360 4326 2488 4385 post
2523 4318 2694 4384 ἀείρω
2730 4318 2938 4384 ἀγείρω
2976 4325 3106 4371 suut
3141 4336 3216 4371 ex

626 4386 875 4451 Theogn.
913 4389 1023 4444 144,
1063 4389 1144 4437 14.
1246 4386 1283 4435 l.
1312 4389 1374 4436 18
1411 4385 1691 4452 πορφύρω
1730 4387 1920 4438 addidi
1956 4404 2023 4439 ex
2058 4388 2302 4454 Theogn.
2333 4390 2448 4450 145,
2472 4390 2555 4442 20.
2591 4389 2676 4438 De
2713 4388 2861 4451 ξυρῶ
2898 4388 2972 4438 cf.
3009 4388 3212 4444 Choer.

625 4453 750 4504 657:
789 4452 822 4504 ὁ
860 4452 1202 4519 Ἡρωδιανὸς
1236 4451 1502 4518 δευτέρας
1538 4451 1790 4516 ςυζυγίας
1826 4455 1998 4519 φηςὶν
2034 4453 2181 4506 εἶναι
2212 4454 2283 4506 τὸ
2318 4456 2466 4520 ξυρῶ
2502 4451 2627 4506 οἷον
2662 4455 2810 4520 ξυρῶ
2837 4455 3017 4520 ξυρᾷς.
3042 4482 3105 4491 -
3144 4457 3214 4507 In

624 4519 732 4569 fine
772 4525 998 4571 secutus
1033 4521 1295 4573 Schmidt.
1334 4538 1432 4587 pro
1468 4520 1538 4573 οὗ
1572 4521 1643 4573 τὸ
1678 4524 1711 4572 ῢ
1750 4524 1911 4587 posui
1944 4524 2048 4574 τοῦ
2086 4521 2148 4574 δὲ
2183 4521 2339 4585 κύρω
2374 4522 2445 4574 τὸ
2481 4523 2532 4573 U.
2671 4523 2705 4573 1.
2741 4524 2808 4572 23
2844 4521 3022 4586 εὑρῶ,
3060 4525 3214 4587 quod

625 4588 847 4638 traobet
894 4589 1063 4640 etiam
1097 4591 1259 4641 Laoc.
1297 4591 1420 4651 175,
1455 4592 1523 4641 20
1556 4591 1783 4650 retinui,
1820 4590 2164 4655 Lobeckins‚
2208 4592 2298 4641 cui
2332 4589 2594 4640 Schmidt.
2641 4589 3034 4656 adstipulatur,
3081 4591 3214 4641 nub-

625 4656 810 4705 stitnit
844 4657 1049 4722 νευρῶ.
1193 4658 1227 4708 l.
1253 4659 1321 4708 26
1356 4658 1427 4709 cf.
1464 4658 1594 4707 Zon.
1629 4659 1755 4708 611:
1792 4655 1910 4709 ἀπὸ
1943 4659 2048 4709 τοῦ
2085 4655 2287 4722 ὲγείρω
2321 4655 2467 4709 κατὰ
2502 4656 2800 4721 ςυγκοπὴν
2823 4654 2988 4721 ἔγρω.
3029 4655 3214 4722 Ἡρω-

622 4719 813 4773 διανὸς
849 4723 977 4788 περὶ
1012 4725 1231 4775 παθῶν.
1284 4725 1419 4775 Lob.
1444 4725 1633 4775 Rham.
1669 4729 1761 4776 134
1797 4726 1929 4790 quin
1966 4726 2068 4776 hoc
2105 4727 2223 4777 loco
2259 4727 2426 4777 etiam
2462 4722 2620 4788 ἆγρω
2657 4725 2928 4791 prolatum
2964 4725 3056 4791 sit,
3097 4741 3215 4780 non

627 4788 862 4840 dubitat.
995 4790 1034 4844 l.
1068 4794 1135 4842 28
1170 4792 1317 4841 hunc
1353 4807 1617 4843 canonem
1652 4795 1837 4858 recepi
1873 4808 1941 4843 ex
1977 4793 2121 4845 Mon.
2157 4797 2242 4862 43,
2279 4796 2326 4843 9.
