3664 5546
1153 388 1313 443 ΠΕΡΙ
1354 388 1745 445 ΚΑΘΟΛΙΚΗ(
1781 386 2204 444 ΠΡΟΕΩιΔΙΑ(
2239 388 2303 441 Ζ.
2910 386 3030 452 185

441 562 670 649 δεκάτῃ
714 563 807 648 (p.
838 559 996 645 487)
1054 587 1083 622 α
1105 561 1410 630 Μύκονος
1455 562 1522 626 δ’
1567 560 1765 644 ἐςτίν,
1821 560 1945 642 ὑφ’
1985 561 2026 645 ᾖ
2083 559 2422 641 μυθεύουςι
2476 561 2711 625 κεῖςθαι
2756 562 2888 624 τῶν
2936 560 2975 623 Γ
2978 580 3030 623 ι-

441 667 699 744 γάντων
752 664 909 731 τοὺς
965 665 1441 741 ύγιεινοτάτους
1494 664 1619 746 ὑφ’
1671 663 2060 743 Ἡρακλέους
2118 663 2618 745 καταλυθέντας,
2671 660 2798 742 ἀφ’
2842 660 2936 727 ὧν
2990 661 3029 739 ἡ

442 768 748 849 παροιμία
802 766 1049 833 ’πάντα
1093 767 1221 833 ὑπὸ
1267 768 1413 849 μίαν
1459 768 1802 848 Μύκονον’
1859 765 1964 830 ἐπὶ
2019 769 2150 831 τῶν
2195 766 2325 831 ὑπὸ
2381 765 2528 846 μίαν
2572 765 2830 846 γραφὴν
2876 762 3030 840 ἀγα-

443 873 695 951 γόντων
748 872 830 937 τὰ
873 872 1221 957 διῃρημένα
1269 878 1349 956 τῇ
1406 871 1621 952 φύςει·
1707 870 1810 935 καὶ
1853 869 2008 933 τοὺς
2053 867 2431 949 φαλακροὺς
2485 869 2557 933 δέ
2599 888 2770 933 τινες
2816 868 3031 932 Μυκο-

445 975 623 1041 νίους
687 978 987 1042 καλοΰςιν
1053 974 1186 1040 ἀπὸ
1251 978 1369 1039 τοῦ
1440 974 1515 1039 τὸ
1588 972 1797 1040 πάθας
1859 973 2064 1035 ’τοῦτο
2139 970 2580 1051 ἐπιχωριάζειν
2644 976 2722 1054 τῇ
2795 971 3026 1055 νήςῳί.
3057 978 3090 1027 5

442 1078 776 1144 Ἠδονος
830 1076 1136 1158 ποταμός.
1237 1077 1312 1142 τὸ
1370 1077 1441 1141 δὲ
1494 1074 1856 1157 ἡμίονος,
1922 1072 2292 1156 ἔγγονος,
2347 1073 2788 1156 πρόγονος,
2844 1072 3031 1138 ἄτο-

443 1202 582 1249 νος
627 1179 894 1248 ςύνθετά
934 1179 1103 1247 εἰςιν.

612 1284 708 1349 Τὰ
752 1283 842 1349 εἰς
883 1285 1052 1350 'ov—od
1114 1279 1624 1361 ὑπερδιςύλλαβα
1676 1278 2263 1358 προπαροξύνεται·
2318 1276 2373 1342 εἰ
2427 1277 2499 1344 δέ
2553 1298 2612 1343 τι
2655 1278 3032 1363 ὀξύτονηθῇ,

446 1386 699 1453 ἑθνικὸν
754 1386 1015 1468 εὑρέθη,
1069 1385 1472 1466 κίνδυνος,
1529 1382 1905 1461 Πάχυνος
1970 1380 2370 1461 ἀκρωτήριον
2438 1380 2749 1464 (ικελίας,
2814 1380 3030 1446 πίςυ-

447 1479 616 1571 νος,
669 1487 1023 1568 βόθυνος.
1079 1487 1516 1565 Ῥόςχυνος.
1570 1485 1961 1564 Ὄρδυνος
2015 1483 2225 1565 ὄνομα
2278 1487 2606 1566 ποταμοῦ,
2661 1484 3032 1566 κόρυνος,
3071 1497 3135 1546 10

447 1590 817 1673 εὔθυνος,
870 1589 1311 1669 γηθόςυνος
1371 1587 1768 1667 «γηθόςυνος
1823 1587 1890 1650 δ’
1946 1585 2165 1671 οὔρῳ»
2224 1583 2381 1670 (Od.
2429 1606 2461 1651 ε
2505 1584 2694 1669 269),
2750 1585 3032 1651 δεςπό-

450 1714 711 1776 ςυνος,
757 1691 1180 1773 θάρςυνος,
1224 1689 1597 1770 Λάβυνος.
1670 1691 1747 1755 τὸ
1792 1688 2011 1769 μέντοι
2058 1688 2389 1755 Βιθυνός
2432 1689 2536 1754 καὶ
2581 1689 3033 1767 Μαριανδυ-

447 1796 583 1862 νός
639 1794 869 1860 ἐθνικά.
960 1793 1414 1872 Μαριάνδυνος
1468 1793 1541 1857 δὲ
1596 1792 1966 1873 βαρυτόνως
2022 1791 2181 1856 κατὰ
2231 1792 2387 1857 τοὺς
2429 1790 2696 1856 Αἰολεῖς.
2783 1791 2859 1855 τὸ
2905 1790 3036 1870 μό-

449 1917 683 1964 ςυνος
738 1895 1178 1976 βαρυνόμενον
1233 1898 1571 1976 ςημειῶδες
1625 1894 1729 1959 καὶ
1782 1894 2026 1973 μακρὸν
2084 1891 2213 1972 ἔχει
2268 1894 2344 1959 τὸ
2387 1895 2428 1958 ὖ
2474 1893 2582 1976 (τὰ
2632 1893 2756 1971 γὰρ
2800 1892 3038 1972 ἔχοντα

448 2000 524 2066 τὸ
570 2003 603 2064 ἒ
648 1998 848 2079 βραχὺ
906 1998 1037 2078 ἔχει
1089 1998 1165 2063 τὸ
1221 1997 1305 2079 υ).
1392 1995 1523 2062 ἀπὸ
1580 1999 1831 2075 γενικῆς
1886 1997 2016 2075 γὰρ,
2066 1988 2356 2076 μετήχθη.
2445 1996 2510 2061 αἱ
2564 1998 2637 2062 δὲ
2689 1996 2932 2072 γενικαὶ
2975 1995 3042 2060 αἱ
3081 2011 3140 2062 15

449 2101 556 2168 διὰ
607 2104 726 2165 τοῦ
781 2101 899 2165 ιΤοῖ
952 2099 1116 2179 ὑπὲρ
1171 2100 1291 2164 δύο
1349 2100 1662 2179 ςυλλαβάς
1715 2098 2113 2177 ύπάρχόυςαι
2180 2097 2235 2162 εἰ
2286 2098 2766 2177 παραλήγοιντο
2821 2103 2914 2182 τῷ
2978 2098 3039 2180 ὖ,

450 2204 845 2288 ἐκτεταμένῳ
888 2201 1401 2285 παραλήγονται,
1445 2202 1886 2285 Φόρκυνος,
1929 2201 2373 2266 Πόλτυνος·
2429 2200 2532 2265 καὶ
2582 2202 2658 2266 τὸ
2702 2200 3039 2279 γέρυνος

449 2306 488 2372 ὁ
533 2306 753 2388 μικρὸς
801 2303 1131 2385 βάτραχος.

621 2408 716 2474 Τὰ
759 2406 848 2473 εἰς
895 2413 1068 2473 ωνος
1113 2405 1287 2472 ἁπλᾶ
1331 2405 1845 2487 ὑπερδιςύλλαβα
1887 2404 2213 2489 ὀξύνεται,
2257 2405 2685 2489 κοινωνός,
2732 2404 3039 2488 οἰωνός,

454 2509 807 2576 Γελωνός
859 2509 1048 2574 πόλις
1103 2506 1451 2589 (αρματίας
1505 2511 1616 2586 τῆς
1670 2508 1741 2574 ἐν
1798 2507 2070 2592 Εὐρώπῃ
2128 2507 2260 2573 ἀπὸ
2321 2508 2614 2574 Γελωνοῦ
2677 2511 2795 2574 τοῦ
2851 2506 3038 2586 Ἡρα·
3075 2523 3143 2571 20

450 2614 714 2696 κλέους,
757 2614 876 2676 τοῦ
919 2609 1312 2689 Ἀγαθύρςου
1354 2609 1665 2691 ἀδελφοῦ.
1754 2610 1881 2676 ἔςτι
1927 2613 1998 2675 δὲ
2053 2611 2094 2690 ἡ
2138 2610 2327 2676 πόλις
2369 2609 2619 2693 ξυλίνη,
2674 2610 2925 2690 κειμένη
2970 2609 3039 2675 ἐν

454 2715 819 2797 Βουδίνοις,
867 2713 959 2779 ὡς
988 2711 1340 2793 Ἡρόδοτος
1383 2709 1513 2795 (IV
1544 2710 1709 2797 108).
1755 2713 1858 2778 καὶ
1901 2712 1938 2779 ὁ
1985 2710 2258 2792 οἰκήτωρ
2289 2711 2674 2794 ὁμοφώνως.
2729 2710 3039 2795 υἱωνός,

452 2816 835 2899 Τιθωνός,
905 2814 1302 2899 Κολωνός,
1370 2815 1852 2898 μελεδωνός,
1924 2814 2266 2881 Ἠδωνός
2331 2815 2521 2881 ἔθνος
2588 2816 2839 2898 Θρᾴκης
2907 2813 3039 2880 ἀπὸ

453 2920 747 2985 Ἠδωνοῦ
790 2922 908 2983 τοῦ
956 2917 1303 2995 Μύγδονος
1346 2915 1676 3000 ἀδελφοῦ,
1721 2916 2098 2983 Ἐτεωνός
2141 2918 2330 2983 πόλις
2376 2917 2698 2982 Βοιωτίας.
2754 2917 3041 2997 Ὅμηρος

455 3020 912 3101 «πολύκνημόν
943 3020 1008 3085 τ’
1038 3019 1391 3085 Ἐτεωνόν»
1439 3016 1548 3102 (ΙΙ.
1583 3020 1629 3084 Β
1658 3017 1831 3102 497).
1893 3023 2173 3085 καλεῖται
2220 3021 2292 3085 δὲ
2341 3023 2460 3085 νῦν
2507 3018 2783 3100 (κάρφη.
2846 3020 3038 3084 Καν-
3076 3036 3141 3086 25

454 3125 742 3206 νωνός,
786 3122 1172 3201 Ὀθρωνός
1214 3123 1434 3206 πόλις,
1492 3120 1555 3187 οἱ
1599 3123 1671 3187 δὲ
1713 3126 1913 3202 νῆςον
1971 3125 2136 3202 πρὸς
2182 3123 2380 3188 νότον
2427 3120 2723 3187 (ικελίας.
2814 3120 3042 3186 «ἄλλοι

455 3229 527 3292 δὲ
594 3224 872 3303 Μελίτην
938 3229 1136 3304 νῆςον
1200 3224 1532 3303 Ὀθρωνοῦ
1597 3224 1841 3290 πέλας»
1910 3223 2269 3313 (Lycophr.
2333 3222 2541 3305 1027).
2652 3224 2989 3289 Βωδωνό
3012 3245 3043 3289 ς

454 3329 659 3410 ἥρως,
704 3326 829 3407 ἀφ’
874 3325 954 3391 οὗ
1000 3328 1280 3407 Βωδώνη
1325 3327 1513 3393 πόλις
1559 3326 1917 3393 Θεςςαλίας.
2004 3328 2084 3393 τὰ
2129 3329 2202 3399 δὲ
2247 3326 2517 3393 ςύνθετα
2558 3326 3042 3405 προπαροξύνε-

448 3442 589 3512 ται,
645 3428 1177 3512 τετράγωνος,
1235 3429 1640 3512 εὔφωνος,
1698 3429 2016 3495 εὔωνος.
2113 3431 2190 3494 τὸ
2246 3430 2319 3494 δὲ
2378 3429 2740 3508 Κόρωνος
2798 3426 3042 3510 κύριον,

454 3532 530 3596 τὸ
578 3530 649 3594 δὲ
693 3530 1043 3607 κορωνός
1088 3530 1396 3596 ἐπίθετον.
1473 3531 1860 3611 βαρύνονται
1905 3533 1978 3596 δὲ
2021 3532 2125 3595 καὶ
2171 3531 2516 3608 Γίγωνος
2559 3530 2747 3597 πόλις
2792 3531 3045 3615 Θρᾴκης
3079 3544 3147 3596 30

595 3822 631 3873 1.
667 3823 699 3871 9
734 3817 996 3884 Πάχυνος
1034 3819 1257 3885 explevi
1291 3837 1359 3871 ex
1396 3821 1476 3872 st.
1514 3823 1600 3885 Β.,
1638 3819 1931 3886 Ῥόςχυνος
1967 3849 2033 3857 -—
2070 3821 2306 3895 εὔθυνος
2343 3838 2410 3872 ex
2447 3821 2693 3888 Theogn.
2728 3822 2813 3885 68,
2854 3824 2917 3873 10
2952 3822 3046 3872 ad-

457 3891 592 3951 ieci,
628 3888 939 3955 γηθόςυνος
976 3903 1045 3938 ex
1079 3888 1143 3942 Il.
1181 3891 1270 3942 Pr.
1313 3888 1355 3940 Ν
1394 3892 1485 3949 29,
1532 3890 1870 3942 δεςπόςυνος
1906 3919 1972 3927 -
2008 3890 2284 3955 Λάβυνος“
2307 3906 2374 3940 ex
2409 3890 2599 3942 Diehr.
2634 3892 2763 3952 287,
2791 3890 2853 3940 ’3.
2924 3889 3043 3941 Μα-

458 3958 752 4024 ριάνδυνος
796 3985 863 3993 -
910 3953 1126 4008 Αἰολεῖς
1179 3957 1367 4022 recepi
1419 3974 1485 4007 ex
1541 3960 1622 4012 St.
1667 3961 1757 4022 Β.,
1810 3959 1909 4010 ubi
1960 3962 2089 4023 433,
2137 3962 2194 4011 5:
2249 3957 2319 4010 τὸ
2374 3956 2598 4009 ἐθνικὸν
2652 3955 3044 4022 Μαριάνδυνος

460 4025 787 4092 βαρυτόνως
831 4023 974 4077 κατὰ
1011 4023 1148 4076 τοὺς
1184 4022 1426 4076 Αἰολεῖς·
1475 4024 1510 4088 ἡ
1556 4025 1619 4078 δὲ
1664 4028 1822 4092 κοινὴ
1876 4030 2063 4092 χρῆςις
2100 4026 2285 4079 ὀξύνει
2331 4025 2475 4077 αὐτὸ
2522 4024 2665 4078 κατὰ
2708 4025 2816 4076 τὸν
2857 4024 3044 4077 τύπον

457 4098 580 4148 τῶν
617 4094 695 4146 εἰς
729 4094 832 4146 ’ν’(ῗ
866 4092 1122 4145 ἐθνικῶν.
1168 4095 1276 4144 Pro
1300 4094 1524 4144 Arcadii
1556 4096 1739 4146 verbis
1774 4095 1845 4146 τὸ
1883 4094 2074 4159 μέντοι
2105 4095 2343 4159 μόςυνος
2379 4093 2495 4145 ἀπὸ
2531 4095 2757 4157 γενικῆς
2793 4092 3043 4159 μετήχθη

460 4164 725 4215 substitui
760 4168 1111 4229 praeceptum
1149 4161 1340 4226 Steph.
1377 4163 1639 4225 Byzantii
1682 4181 1735 4229 p.
1765 4167 1890 4227 170,
1929 4167 1989 4213 11
2037 4161 2268 4215 Βιθυνός
2304 4163 2489 4214 verbis
2525 4160 2641 4215 ἀπὸ
2676 4163 2902 4226 γενικῆς
2937 4160 3044 4226 γὰρ

462 4230 712 4297 μετήχθη
747 4245 923 4295 usque
961 4229 1032 4280 ad
1067 4228 1392 4293 Πόλτυνος,
1433 4245 1573 4295 qnae
1609 4248 1677 4282 ex
1701 4232 1902 4283 Aread.
1940 4236 1997 4281 et
2033 4232 2220 4282 Diehr.
2257 4231 2291 4281 1.
2318 4247 2364 4281 e.
2402 4231 2761 4290 concinnavi,
2800 4230 3042 4283 insertis,

593 4300 631 4352 l.
667 4303 733 4351 20
771 4296 1023 4351 Γελωνός
1062 4298 1279 4362 explevi
1315 4313 1383 4348 ex
1422 4300 1501 4347 St.
1540 4299 1629 4362 Β.,
1675 4297 1884 4351 υἱωνός
1929 4315 2104 4364 usque
2142 4300 2210 4349 ad
2250 4296 2534 4362 Ὀθρωνός
2572 4314 2640 4349 ex
2676 4299 2922 4362 Theogn.
2959 4299 3043 4359 68,

464 4371 524 4419 17
563 4368 754 4419 addita
789 4372 920 4417 sunt
952 4368 1061 4430 ita,
1098 4371 1162 4416 ut
1200 4365 1448 4417 Ἠδωνός
1478 4364 1749 4420 Ἐτεωνός
1781 4365 2068 4431 Ὀθρωνός
2107 4383 2176 4417 ex
2213 4368 2296 4418 St.
2322 4367 2384 4416 B.
2420 4366 2723 4431 explerem,
2761 4363 3043 4417 Βωδωνό(

461 4438 644 4502 recepi
692 4452 759 4485 ex
806 4435 885 4485 St.
928 4438 991 4487 B.
1034 4463 1101 4471 —
1147 4433 1400 4499 κορωνός
1445 4431 1708 4487 ἐπίθετον
1755 4453 1822 4487 ex
1870 4435 1989 4485 eod.
2037 4437 2080 4486 B
2127 4434 2350 4486 exhibui
2401 4439 2466 4484 ut
2522 4434 2709 4498 aptius
2752 4434 2907 4484 codd.
2950 4432 3041 4483 AC

461 4501 871 4570 προςηγορικὸν
917 4504 1330 4569 praebentibus,
1397 4505 1582 4554 Verba
1632 4502 1968 4568 βαρύνονται
2014 4501 2076 4555 δὲ
2118 4501 2210 4555 καὶ
2260 4500 2502 4564 Γίγωνος
2548 4517 2725 4568 usque
2769 4502 2840 4551 ad
2882 4501 3045 4552 finem

464 4572 1675 4705 {23553030333352533132²³222¹1³³s²ez¹²ii¹¹¹32
1720 4571 2750 4690 3332„{ussffiessffinigsszssssmssssssizuffi
2755 4571 3043 4690 “23332122

465 4708 525 4758 in
557 4709 621 4759 Ε.
658 4710 732 4758 Μ.
770 4710 869 4759 389
907 4714 1073 4758 extr.:
1120 4705 1375 4771 ποταμὸς
1419 4657 1523 4772 τῆξ
1567 4706 1709 4759 ποτὲ
1756 4706 1859 4770 μὲν
1904 4704 2043 4759 Δίας
2087 4721 2151 4758 τε
2197 4708 2285 4759 καὶ
2334 4704 2605 4771 Ἐρύμνης
2651 4704 2741 4756 καὶ
2786 4703 3041 4770 Λαρίςης,

467 4777 573 4825 νῦν
605 4774 667 4827 δὲ
702 4774 1007 4839 Τράλλεων
1044 4774 1391 4842 καλουμένης
1426 4779 1529 4841 τῆς
1568 4772 1771 4829 ’Adae'
1819 4774 1907 4827 ὅτι
1955 4774 2272 4841 Λάβρανδος
2318 4774 2409 4826 καὶ
2453 4773 2757 4839 Πάνορμος
2800 4772 2891 4825 καὶ
2926 4772 3043 4826 Πά-

466 4842 631 4895 λαξος
666 4842 700 4906 ἢ
738 4841 1025 4896 (πάλαξος
1060 4842 1113 4895 οἱ
1151 4842 1457 4911 Κούρητες,
1497 4844 1640 4897 κατὰ
1674 4843 1922 4911 χρηςμὸν
1959 4842 2052 4895 ἐπὶ
2088 4843 2196 4908 τὴν
2235 4840 2440 4910 Καρίαν
2477 4842 2798 4908 ὁρμῶντες,
2837 4841 3043 4894 νυκτὸς

468 4909 1006 4976 ἑπικαταλαβούςης,
1054 4910 1149 4963 ἐπὶ
1191 4915 1313 4965 ταῖς
1359 4913 1549 4977 ὄχθαις
1584 4912 1762 4965 αὐτοῦ
1810 4911 2307 4978 κατεκοιμήθηςαν.
2378 4910 2530 4977 παρὰ
2571 4910 2642 4963 τὸ
2680 4909 2903 4977 εὑδῆςαι
2939 4909 3042 4963 οὖν
