3664 5546
653 358 796 405 an
1717 359 2133 408 PRAEFATIO.

646 513 882 591 ἀνδρός
947 534 1028 576 ex
1094 514 1323 593 ἀνέρος
1393 513 1724 576 concisum
1781 536 1958 593 esse,
2025 514 2139 576 sed
2198 534 2428 595 causa,
2483 536 2599 578 cur
2654 502 2691 580 δ
2745 515 3056 580 insertum
3114 517 3221 599 sit,

644 623 929 695 tacetur,
976 636 1170 700 quam
1214 614 1496 678 afferunt
1540 613 1771 678 Choer.
1816 614 1994 678 Dict.
2039 614 2186 695 318,
2232 613 2319 677 24
2359 623 2426 678 et
2472 613 2597 701 Ep.
2645 613 2839 680 Hom.
2886 639 2950 703 p.
2986 616 3100 681 71:
3148 618 3225 681 τὸ

643 717 806 811 ἀνήρ
851 717 1084 795 ἀνέρος
1125 718 1478 797 γενόμενον
1523 718 1679 781 κατὰ
1723 719 2046 795 ςυγκοπὴν
2090 717 2289 796 ἀνρός
2331 718 2396 783 ἐξ
2441 715 2719 796 ἀνάγκης
2764 718 3111 784 ἐπλεόναςε
3145 721 3222 783 τὸ

645 807 681 883 δ
725 821 827 884 καὶ
871 820 1128 896 ἐγένετο
1174 818 1440 902 ἀνδρός,
1495 819 1614 884 οὐκ
1657 820 1939 898 ἠδύνατο
1983 819 2106 896 γὰρ
2151 818 2315 884 εἶναι
2359 818 2557 897 ἀνρός
2592 821 2789 898 χωρὶς
2832 824 2951 885 τοῦ
2996 828 3054 904 δ,
3084 821 3228 886 ἐπεὶ

642 923 717 986 τὸ
764 943 800 985 ν
846 922 973 1000 πρὸ
1017 924 1133 984 τοῦ
1177 924 1214 997 ρ
1258 920 1407 985 οὔτε
1452 920 1522 986 ἐν
1568 923 1876 1000 ςυλλήψει
1922 921 2184 986 δύναται
2229 919 2394 985 εἶναι
2441 920 2590 985 οὔτε
2636 922 2707 986 ἐν
2752 923 3076 989 διαςτάςει.

813 1022 1017 1108 Porro
1063 1021 1130 1084 in
1174 1042 1449 1085 examen
1492 1020 1775 1086 vocandi
1820 1030 1972 1084 sunt
2014 1021 2171 1101 loci,
2218 1022 2285 1085 in
2343 1020 2583 1107 quibus
2628 1021 3047 1088 Herodianus
3092 1046 3223 1088 non

640 1124 783 1210 ipse
829 1123 910 1187 de
957 1145 1072 1187 suo
1117 1143 1311 1208 opere
1354 1120 1673 1209 loquitur,
1719 1123 1837 1187 sed
1883 1121 2125 1186 diserte
2168 1121 2701 1207 adnotamentum
2756 1146 2841 1189 ex
2884 1124 3223 1190 Catholica

643 1235 975 1311 sumptum
1020 1247 1162 1289 esse
1208 1223 1477 1304 dicitur,
1533 1224 1648 1289 sed
1710 1223 1979 1308 longum
2033 1231 2134 1287 est
2176 1245 2438 1306 omnes,
2497 1224 2612 1312 qui
2666 1234 2820 1289 sunt
2873 1225 3218 1308 innumeri,

641 1326 819 1392 locos
867 1327 1196 1413 proferre,
1253 1327 1477 1413 paucis
1537 1349 1673 1391 rem
1731 1324 2091 1392 absolvam.
2186 1323 2399 1390 Schol.
2452 1325 2793 1413 Aristoph.
2841 1327 3006 1414 qu.
3058 1330 3223 1393 1150

642 1428 1073 1512 demonstret,
1141 1429 1464 1516 quomodo
1521 1426 1953 1515 appellativa,
2022 1448 2182 1514 quos
2252 1428 2488 1492 canoni
2547 1429 2764 1493 tonico
2832 1429 3218 1510 subiecerat,

641 1530 1100 1617 explicaverit:
1160 1533 1264 1596 De
1317 1534 1514 1613 κημός
1557 1530 1885 1594 Arcadius
1927 1528 2044 1611 59,
2095 1530 2173 1591 14
2225 1532 2420 1611 κημός
2474 1533 2514 1611 ἡ
2557 1533 2764 1614 χώνη,
2819 1534 2894 1597 τό
2953 1533 3219 1598 ἐπιτιθέ-

639 1656 838 1715 μενον
882 1636 987 1699 ἐπὶ
1030 1641 1105 1718 τῇ
1151 1636 1367 1719 ὑδρίᾳ,
1413 1632 1710 1718 Theogn.
1740 1632 1848 1712 63,
1893 1631 1936 1695 5
1979 1632 2172 1711 κημός
2216 1634 2293 1698 τό
2338 1633 2773 1712 ἐπιτιθέμενον
2816 1638 2955 1700 τοῖς
2994 1636 3220 1701 ἵπποις

640 1740 710 1803 έν
756 1739 1040 1817 ςτόματι·
1085 1740 1272 1816 δηλοῖ
1315 1739 1385 1801 δὲ
1429 1738 1531 1801 καὶ
1575 1736 1826 1815 πλέγμα
1870 1734 1939 1798 ἐκ
1983 1734 2298 1815 ςχοινίου,
2343 1733 2457 1797 sed
2504 1733 2718 1798 Schol.
2750 1735 2988 1801 Arist:
3034 1741 3139 1803 καὶ
3179 1738 3219 1803 6

638 1843 774 1904 τοῖς
814 1840 1039 1904 ἵπποις
1082 1839 1555 1918 περιτιθέμενος
1601 1839 1806 1903 οὕτως
1852 1838 2141 1901 ἐκαλεῖτο
2197 1837 2423 1920 κημός,
2479 1837 2516 1900 6
2561 1839 2958 1918 καλούμενος
3003 1841 3217 1923 φιμός,

639 1941 729 2006 ὡς
774 1942 1099 2022 Ξενοφῶν
1143 1941 1215 2006 ἐν
1259 1944 1394 2006 τοῖς
1438 1942 1584 2019 περὶ
1626 1940 1883 2016 ἱππικῆς
1930 1937 2064 2022 (10,
2095 1936 2187 2022 8).
2232 1940 2484 2019 πλέγμα
2511 1960 2569 2003 τι
2603 1939 2670 2004 ἐκ
2700 1942 2999 2019 ςχοινίων
3041 1942 3216 2018 γινό-

638 2064 835 2124 μενον
880 2044 1109 2123 ὅμοιον
1153 2042 1364 2128 ἠθμῷ,
1410 2044 1464 2127 ᾧ
1510 2044 1622 2108 τὰς
1665 2043 2009 2122 πορφύρας
2053 2042 2509 2125 λαμβάνουςιν,
2561 2041 2650 2106 εἰς
2695 2044 2733 2106 ὃ
2778 2043 2842 2107 αἱ
2886 2044 3217 2124 πορφύραι

637 2148 738 2211 καὶ
781 2147 861 2209 τὰ
905 2146 1213 2223 κογχύλια
1257 2145 1667 2225 εἰςέρπουςιν.
1738 2143 1808 2208 ἐν
1854 2143 2075 2209 αὐτοῖς
2120 2144 2191 2207 δὲ
2234 2144 2487 2207 τούτοις
2532 2143 2657 2208 ἐςτὶ
2701 2146 2803 2209 καὶ
2845 2146 2921 2209 τὸ
2967 2147 3217 2229 δέλεαρ,

637 2249 725 2313 ὥς
770 2269 958 2328 φηςιν
1004 2246 1394 2326 Ἠρωδιανός
1439 2246 1652 2333 (cuius
1698 2244 1897 2309 etiam
1941 2265 2108 2330 quae
2150 2242 2551 2328 praecedunt
2594 2266 2737 2309 esse
2781 2254 2845 2309 et
2876 2245 3217 2332 Theogno-

637 2360 777 2413 stus
823 2349 1229 2414 demonstrat
1272 2358 1336 2412 et
1380 2348 1877 2434 epitomatorum
1904 2398 1908 2403 .
1934 2345 2333 2411 consuetudo
2390 2347 2776 2431 persuadet,
2834 2369 2915 2411 ex
2972 2370 3102 2435 qua
3143 2358 3218 2413 ut

635 2451 810 2515 infra
863 2451 1231 2516 accuratius
1289 2471 1721 2536 exponemus,
1779 2447 2102 2530 auctoris,
2159 2469 2351 2532 quem
2406 2448 2925 2535 exscripserunt,
2980 2471 3217 2515 nomen

634 2575 762 2617 non
808 2554 1028 2618 statim
1074 2553 1160 2618 ab
1216 2553 1405 2619 initio
1460 2552 1739 2640 ponunt)
1796 2551 2298 2632 παρατιθέμενος
2350 2551 2430 2614 τὰ
2477 2550 2887 2631 (οφοκλέους
2943 2553 3012 2617 ἐκ
3055 2554 3215 2618 Ποι-

630 2658 843 2737 μένων
1122 2746 1367 2823 κημοῖςι
1412 2745 1708 2809 πλεκτοῖς
1754 2742 2098 2822 πορφύρας
2143 2739 2388 2820 φθείρει
2432 2739 2639 2816 γένος.

633 2845 937 2924 Αἰςχύλος
991 2846 1062 2910 ἐν
1117 2846 1465 2928 Λυκούργῳ
1519 2846 1959 2923 ἀλληγορικῶς
2015 2843 2168 2907 τοὺς
2224 2842 2490 2921 δεςμοὺς
2545 2844 2783 2921 κημούς
2836 2842 3045 2923 εἴρηκε
3107 2845 3216 2909 διὰ

633 2948 884 3012 τούτων
932 2969 1074 3012 «και
1128 2952 1353 3013 τοῦςδε
1408 2947 1646 3026 κημούς
1702 2948 2073 3024 ςτόματος».
2118 2979 2204 2989 -
2248 2942 2589 3023 Quomodo
2646 2955 2863 3009 autem
2919 2947 3213 3033 proprio-

629 3071 774 3133 rum
841 3048 1178 3112 historiam
1243 3048 1649 3132 exposuerit,
1708 3056 1969 3133 praeter
2036 3044 2247 3109 locum
2312 3043 2394 3107 de
2449 3046 2755 3125 Ἀννίχωρ
2824 3047 2956 3111 iam
3012 3070 3215 3136 supra

635 3149 1038 3235 propositum
1085 3171 1250 3212 unus
1289 3147 1605 3234 Stephani
1639 3147 1949 3233 Byzantii
1994 3146 2173 3211 locus
2203 3146 2347 3226 502,
2384 3147 2463 3209 14
2508 3148 2841 3213 ostendat:
2890 3151 3216 3230 Παραιςός

634 3254 848 3335 [πόλις
920 3252 1183 3333 Κρήτης]
1241 3252 1386 3329 περὶ
1438 3250 1514 3329 ἧς
1570 3250 1967 3329 Ἡρωδιανὸς
2032 3250 2102 3314 ἐν
2163 3248 2413 3334 ὀγδόῳ,
2479 3251 2555 3314 τό
2621 3252 2836 3329 με’ντοι
2892 3253 3214 3332 Παραιςός

635 3355 956 3436 ὀξύνεται,
1002 3353 1259 3428 ἐγένετο
1311 3355 1383 3416 δὲ
1437 3353 1475 3415 6
1519 3353 1840 3431 Παραιςός
1886 3352 2072 3437 Μίνῳ
2131 3353 2466 3434 ςυγγενής,
2523 3352 2649 3432 ἀφ’
2693 3352 2773 3417 οὗ
2827 3355 2866 3432 ἡ
2927 3356 3112 3420 πόλις
3169 3357 3211 3435 ἡ

633 3457 954 3534 Παραιςός
985 3454 1316 3534 ὁμοτόνως
1359 3460 1451 3537 τῷ
1498 3454 1747 3539 οἰκιςτῇ.
1800 3453 2190 3518 Accuratius
2238 3452 2318 3517 de
2363 3455 2487 3516 hac
2541 3475 2610 3517 re
2658 3453 3039 3540 disputabo,
3093 3457 3213 3522 ubi

635 3557 716 3620 de
760 3556 1090 3643 Stephano
1145 3555 1467 3643 Byzantio
1523 3556 2081 3641 praestantissimo
2125 3554 2305 3620 fonte
2363 3554 2697 3620 doctrinae
2751 3556 3212 3623 Herodianeae

633 3659 972 3724 disseram.

803 3760 926 3823 His
982 3759 1407 3846 praemunitis
1461 3759 1592 3823 iam
1647 3760 1732 3826 ad
1785 3760 2258 3847 praefationem
2312 3759 2585 3824 Arcadii
2642 3769 3080 3843 transeamus,
3138 3775 3215 3829 ut

633 3874 698 3928 et
753 3863 1128 3944 videamus,
1185 3883 1341 3926 num
1408 3885 1636 3926 verum
1695 3863 1938 3928 dixerit
1990 3863 2329 3949 professus
2401 3884 2471 3926 se
2526 3862 2930 3928 catholicam
2988 3887 3208 3930 excer-

633 3966 873 4053 psisse,
932 3966 1103 4054 quod
1149 3965 1276 4028 iam
1334 3986 1418 4028 ex
1473 3966 1963 4050 comparatione
2009 3966 2295 4032 locorum
2352 3963 2501 4029 libri
2548 3968 2693 4044 περὶ
2737 3989 2876 4046 μον.
2925 3969 3045 4035 λέξ.
3092 3965 3207 4031 ali-

630 4080 947 4156 quatenus
994 4066 1394 4155 patefactum
1444 4078 1565 4149 est,
1612 4076 1677 4131 et
1718 4068 2217 4153 investigemuS,
2264 4090 2459 4155 quam
2490 4069 2665 4134 viam
2696 4070 2763 4133 in
2793 4070 3210 4157 excerpenda

628 4170 968 4235 Catholica
1009 4171 1249 4235 inierit.

797 4273 1288 4338 Praemittenda
1331 4281 1548 4337 autem
1594 4282 1693 4337 est
1736 4274 1882 4359 ipsa
1916 4273 2272 4359 praefatio,
2319 4295 2512 4360 quam
2556 4274 2625 4338 in
2668 4275 2960 4341 membra
2990 4276 3205 4361 dispo-

629 4400 815 4460 nam,
863 4399 988 4463 quo
1033 4374 1292 4439 facilius
1339 4374 1689 4462 explicatio
1737 4376 2010 4462 singulis
2056 4377 2355 4463 partibus
2400 4377 2701 4463 adaptari
2744 4380 2977 4463 possit.

333 4503 554 4584 1³nrk.6,
597 4513 629 4562 5
802 4498 891 4562 Τὸ
938 4499 1255 4577 ἐφικέςθαι
1312 4501 1420 4575 τῆς
1465 4500 1535 4564 ἐν
1590 4499 1975 4583 προςῳδίαις
2019 4500 2355 4574 καθολικῆς
2412 4496 2760 4573 ἀναλογίας
2817 4502 3202 4583 ποθοῦντας,

632 4603 795 4680 πρὸς
840 4603 910 4665 δὲ
954 4602 1030 4666 τό
1088 4605 1282 4680 μῆκος
1335 4605 1452 4665 τοῦ
1495 4602 1899 4681 Ἡρωδιανοῦ
1956 4597 2381 4680 πραγματείας
2437 4599 2965 4679 ἀπαγορεύοντας
3017 4601 3056 4679 ἡ
3112 4603 3206 4666 δι’

769 4839 820 4890 p.
860 4827 908 4880 6.
978 4824 1012 4876 l.
1050 4828 1081 4875 6
1117 4827 1434 4878 ποθοῦντας
1472 4833 1528 4878 et
1565 4827 1598 4883 l,
1639 4827 1669 4877 7
1705 4823 2164 4890 ἀπαγορεύοντας
2202 4840 2321 4874 cum
2349 4824 2611 4876 Schmidt.
2650 4840 2747 4890 pro
2784 4826 3095 4876 ποθοῦντες
3134 4851 3200 4862 —-
