3664 5546
667 454 882 501 LXXVI
1739 451 2156 500 PRAEFATIO.

664 609 824 675 haec
870 608 1231 674 Herodiani
1288 606 1613 672 sententia
1665 606 1792 670 fuit
1846 605 2088 670 Arcad.
2138 607 2291 688 151,
2341 608 2406 691 13
2467 629 2618 671 nam
2674 608 2754 672 de
2811 605 3241 673 declinatione

666 710 1079 776 Herodianus
1135 711 1204 775 in
1256 709 1578 775 Prosodia
1620 701 1825 773 Iliaca
1878 731 2009 774 non
2055 711 2219 793 egit,
2277 709 2393 775 sed
2446 711 2527 775 de
2581 703 2988 792 accentibus;
3048 708 3241 774 aliter

665 835 766 876 res
814 835 882 877 se
925 812 1227 894 haberet,
1285 810 1342 875 si
1388 812 1470 876 de
1525 820 1791 876 accentu
1838 810 2163 898 participii
2206 814 2646 892 πεπλήγοντες
2701 834 2910 878 sermo
2955 821 3127 876 esset
3168 822 3243 875 ut

662 916 730 979 in
777 918 840 982 Μ
890 916 1010 980 125
1054 915 1134 979 de
1179 915 1612 993 κεκλήγοντες.
1702 914 1898 996 Quod
1942 939 2003 980 v.
2051 913 2173 978 461
2221 913 2303 978 de
2348 915 2571 1000 Τρῳάς
2616 925 2681 981 et
2724 915 2947 995 Τρῶας
2991 913 3241 981 dietum

663 1027 789 1097 est,
836 1015 982 1082 coll.
1031 1019 1089 1082 Ψ
1133 1015 1254 1080 291
1302 1013 1667 1081 Herodiani
1711 1038 1853 1081 esse
1896 1015 2282 1099 iudiearem,
2331 1016 2386 1079 si
2429 1015 2782 1100 legeretur:
2830 1019 3054 1102 Τρῳάς
3099 1016 3242 1081 ἀντὶ

661 1124 779 1185 τοῦ
833 1119 1133 1198 Τρωϊκάς.
1223 1118 1261 1183 ὁ
1316 1120 1388 1184 δὲ
1442 1119 1895 1198 Ἀςκαλωνίτης
1949 1120 2171 1199 Τρῶας
2228 1120 2318 1185 ὡς
2377 1119 2612 1201 Κᾶρας,
2667 1119 2777 1183 sed
2839 1140 3005 1204 quae
3070 1141 3241 1183 nunc

661 1222 731 1286 in
774 1220 950 1285 BLV
995 1229 1061 1285 et
1101 1219 1224 1284 LV
1268 1230 1561 1301 exstant,
1608 1223 1768 1310 mire
1812 1221 2087 1286 confusa
2130 1230 2301 1284 sunt.
2390 1219 2467 1284 In
2512 1245 2572 1286 V.
2609 1221 2732 1285 487
2779 1224 2933 1302 φαςὶ
2974 1222 3054 1286 τὰ
3097 1221 3240 1301 ςχό-

665 1328 768 1388 λια
813 1324 967 1389 δέον
1011 1322 1174 1388 εἶναι
1223 1324 1594 1403 βαρύνεςθαι
1638 1325 1714 1388 τὸ
1759 1323 1913 1403 ἁψίς
1957 1325 2032 1390 τὸ
2077 1326 2191 1404 μὲν
2238 1325 2328 1390 ὡς
2372 1323 2697 1406 Αἰολικόν,
2756 1325 2847 1389 ὡς
2892 1325 2995 1389 καὶ
3038 1324 3239 1388 Ἡςίο-

664 1426 778 1491 δός
822 1446 1011 1505 φηςιν
1059 1424 1299 1504 «ἄψιν»
1349 1423 1481 1510 (op.
1524 1424 1713 1510 424),
1770 1427 1847 1491 τὸ
1903 1428 1975 1490 δὲ
2031 1426 2100 1491 ἐκ
2145 1430 2258 1504 τῆς
2300 1424 2645 1502 ἀναλογίας
2698 1430 2816 1490 τοῦ
2872 1427 3238 1506 μέλλοντος.

666 1529 757 1593 ὡς
799 1527 921 1605 γὰρ
968 1528 1195 1608 με’μφω
1250 1527 1481 1607 μέμψις
1535 1529 1636 1592 καὶ
1688 1527 1869 1593 ὄπτω
1925 1528 2108 1611 ὄψις,
2165 1527 2338 1592 οὕτω
2382 1529 2484 1593 καὶ
2528 1528 2708 1592 ἅπτω
2754 1526 2935 1606 ἅψις·
2990 1528 3238 1603 λέγουςι

665 1631 737 1694 δὲ
782 1629 879 1694 ὅτι
923 1632 1222 1708 ψιλοῦται
1265 1631 1342 1694 τὸ
1384 1631 1438 1692 ἃ
1479 1631 1865 1708 παραλόγως
1909 1631 2197 1696 ἐνταῦθα.
2283 1628 2361 1692 L.
2408 1628 2581 1716 quod
2633 1627 2713 1692 de
2760 1628 2993 1715 spiritu
3037 1626 3238 1691 tradi-

664 1741 788 1810 tur,
833 1740 1157 1817 repugnat
1198 1728 1487 1794 Arcadio
1535 1731 1684 1812 199,
1732 1731 1770 1794 8
1793 1779 1810 1812 ,
1861 1731 1978 1798 ubi
2021 1731 2334 1818 aspiratio
2379 1729 2878 1818 praescribitur3
2934 1751 3100 1815 quae
3158 1727 3239 1792 de

665 1842 936 1896 accentu
982 1830 1306 1912 dicuntur,
1353 1852 1482 1896 non
1526 1841 1893 1918 congruunt
1934 1856 2081 1898 cum
2118 1832 2362 1898 Arcad.
2406 1833 2519 1914 29,
2570 1834 2629 1914 7,
2688 1834 2797 1918 qui
2852 1830 3242 1919 pronunciat

664 1937 739 1999 τὸ
793 1933 947 2013 ἁψίς
1002 1935 1398 2014 ςεςημείωται
1454 1937 1695 2015 μακρὸν
1750 1935 1904 2015 ἔχον
1971 1937 2046 2000 τὸ
2111 1939 2133 2001 ἰ
2187 1934 2350 1998 nihil
2404 1934 2486 1999 de
2540 1933 2871 1999 Aeolismo
2926 1931 3239 1997 Hesiodei

649 2036 819 2115 ’ἅψις
883 2035 1141 2116 dicens,
1210 2035 1291 2099 de
1356 2058 1481 2122 quo
1547 2044 1720 2100 tacet
1784 2037 1977 2101 etiam
2038 2037 2117 2100 E.
2161 2036 2251 2100 M.
2310 2036 2459 2117 183,
2524 2037 2628 2117 11,
2695 2035 2807 2099 ubi
2874 2035 3088 2119 magis
3155 2055 3240 2097 ex

663 2136 1026 2201 Herodiani
1090 2138 1412 2201 sententia
1464 2138 1753 2203 Ἡςίοδος
1816 2138 2312 2218 ἀναλογώτερον
2378 2137 2519 2204 εἷπε
2587 2140 2967 2219 βαρυτόνως.
3066 2133 3240 2199 Num

663 2261 775 2320 ea,
832 2260 997 2325 quae
1040 2263 1105 2303 v.
1150 2239 1275 2303 352
1320 2237 1399 2303 de
1445 2238 1679 2325 spiritu
1723 2240 1903 2305 vocis
1948 2239 2233 2305 ἀλύουςα
2292 2239 2673 2321 traduntur,
2729 2239 2814 2303 ab
2860 2237 3236 2302 Herodiano

663 2341 968 2428 profecta
1015 2340 1177 2422 sint,
1235 2341 1610 2425 ignoramus
1623 2388 1641 2421 ,
1699 2341 1769 2406 id
1815 2351 2067 2407 tantum
2123 2343 2362 2406 seimus
2418 2365 2501 2406 ex
2556 2342 2609 2407 Ω
2659 2341 2735 2404 12
2792 2339 3241 2405 Herodianum

663 2464 890 2507 vocem
953 2440 1243 2526 leniisse3
1314 2442 1520 2507 verba
1585 2441 1846 2524 saltem,
1917 2454 1991 2509 ut
2053 2444 2122 2507 in
2162 2443 2285 2508 LV
2328 2442 2660 2529 leguntur,
2729 2444 2823 2507 sie
2879 2441 3241 2506 Herodiani

663 2566 794 2608 non
838 2554 1010 2609 sunt.
1097 2544 1182 2608 V.
1226 2545 1371 2611 511.
1413 2545 1699 2625 ἀρηγώνε
1758 2547 2158 2627 Ἀρίςταρχος
2213 2545 2560 2612 ὀξυτόνως·
2616 2548 2718 2612 καὶ
2771 2549 2972 2623 δῆλον
3017 2544 3087 2610 ἐκ
3128 2548 3240 2621 τῆς

662 2649 939 2724 πλαγίου
998 2649 1208 2713 «δοιαὶ
1261 2650 1375 2728 μὲν
1435 2649 1747 2731 Μενελάῳ
1803 2649 2157 2730 ἀρηγόνες»
2217 2645 2324 2732 (11.
2369 2649 2433 2713 Δ
2482 2648 2569 2733 7).
2636 2645 2721 2710 V.
2782 2645 3091 2711 abhorret
3154 2646 3239 2710 ab

663 2747 1029 2814 Herodiani
1058 2748 1384 2831 doctrina,
1418 2749 1529 2836 qui
1559 2750 1615 2815 Φ
1648 2749 1766 2813 141
1799 2749 2091 2831 ἀρηγών,
2124 2751 2292 2826 λέγω
2323 2751 2393 2816 δὲ
2425 2750 2529 2815 ἐπὶ
2558 2753 2674 2816 τοῦ
2705 2749 3030 2830 ςυμμὰχου
3059 2747 3238 2828 ἀρςε-

663 2855 858 2934 νικῶς
910 2852 1266 2932 «ἀρηγόνος
1319 2853 1696 2933 ἡμετέροιο»
1753 2852 2136 2916 femininum
2180 2852 2439 2931 ἀρήγων
2497 2852 2628 2935 (est
2670 2860 2888 2914 autem
2931 2850 3054 2915 hoc
3097 2851 3239 2915 loco

665 2952 745 3017 de
800 2953 1099 3018 Minerva
1154 2956 1393 3036 sermo)
1452 2954 1718 3039 gravari
1773 2953 2119 3036 significat.
2206 2952 2379 3018 Nota
2431 2953 2553 3018 567
2611 2954 2799 3035 ’ςφαςτ
2861 2954 3239 3018 ςυςταλτέον
3282 3016 3291 3023 .

663 3058 768 3121 διὰ
812 3057 887 3122 τὸ
942 3057 1174 3135 μέτρον
1232 3054 1471 3120 nullius
1530 3066 1629 3119 est
1682 3054 1875 3139 pretii
1932 3054 2016 3119 cf.
2061 3053 2270 3118 Lehrs
2327 3066 2578 3141 quaest.
2636 3078 2734 3141 ep.
2783 3077 2847 3142 p.
2897 3054 3041 3117 124.
3130 3053 3239 3116 Ex

664 3166 762 3221 tot
820 3156 1018 3241 igitur
1072 3155 1578 3236 adnotamentiS,
1636 3156 1873 3242 quibus
1920 3153 2211 3219 Hillerus
2258 3155 2527 3220 Iliacam
2572 3156 2959 3221 Prosodiam
3014 3156 3239 3239 augeri

663 3258 834 3338 vult,
883 3255 1130 3320 nullum
1177 3267 1304 3338 est,
1356 3256 1529 3344 quod
1572 3278 1657 3321 ex
1699 3256 1905 3321 Iliaca
1947 3257 2262 3321 Prosodia
2302 3257 2574 3322 fluxisse
2617 3258 3047 3323 demonstrari
3091 3279 3238 3342 pos-

665 3359 781 3441 sit3
842 3359 975 3422 imo
1032 3368 1146 3422 aut
1197 3358 1368 3422 falsa
1423 3369 1577 3423 sunt
1625 3368 1741 3424 aut
1782 3381 1912 3424 non
1956 3359 2371 3425 Herodianeo
2416 3382 2593 3425 more
2636 3369 2950 3446 concepta
3000 3368 3114 3422 aut
3155 3380 3237 3423 ex

666 3458 811 3523 aliis
844 3457 1206 3523 Herodiani
1251 3460 1511 3546 seriptis
1545 3460 1861 3525 derivata.
1932 3461 2150 3548 Atque
2194 3461 2355 3526 haec
2400 3463 2560 3526 satis
2607 3471 2829 3527 essent
2861 3463 2947 3526 ad
2977 3460 3238 3526 demon·

665 3559 1030 3643 strandum,
1090 3583 1256 3646 quae
1310 3584 1351 3625 a
1391 3561 1661 3626 Lehrsio
1708 3562 1954 3627 omissa
1996 3572 2173 3643 sunt,
2228 3586 2360 3627 non
2407 3562 2861 3648 neglegenter,
2919 3563 3036 3628 sed
3089 3585 3237 3627 con-

665 3661 832 3725 sulto
879 3661 1228 3747 praeterita
1272 3685 1448 3744 esse,
1507 3663 1636 3728 nisi
1677 3664 1806 3727 iam
1853 3673 2104 3750 tempus
2151 3674 2326 3729 esset
2367 3664 2538 3730 hunc
2582 3687 2866 3731 errorem
2911 3665 2991 3729 de
3036 3662 3240 3728 Iliaca

663 3762 984 3828 Prosodia
1029 3764 1486 3852 amplificanda
1528 3763 1660 3830 late
1702 3776 2127 3851 pervagatum
2188 3766 2502 3832 radicitus
2556 3766 2854 3833 evellere.
2945 3763 3236 3829 Hillerus

663 3864 853 3932 affert
896 3875 1153 3951 praeter
1197 3865 1371 3933 locos
1418 3868 1502 3932 ab
1547 3868 1688 3953 ipso
1720 3865 1992 3930 Lehrsio
2038 3890 2119 3932 ex
2163 3865 2595 3934 deterioribus
2639 3868 2974 3934 codicibus
3021 3867 3236 3951 exple-

664 3977 763 4033 tos
794 3971 844 4034 Α
871 3968 984 4049 52,
1017 3968 1162 4050 214,
1193 3968 1341 4049 554,
1373 3968 1518 4049 574,
1566 3972 1612 4035 Β
1640 3968 1786 4049 495,
1816 3968 1961 4048 504,
1997 3972 2034 4035 Γ
2064 3969 2174 4049 35,
2212 3971 2258 4035 Η
2290 3970 2443 4051 273,
2491 3973 2543 4036 Θ
2579 3972 2717 4050 177,
2753 3971 2801 4034 Ν
2832 3969 2981 4051 424,
3016 3969 3061 4035 Ρ
3088 3967 3235 4048 465,

664 4070 706 4134 C
743 4069 900 4153 266,
948 4071 997 4136 Τ
1025 4069 1183 4151 270,
1231 4072 1287 4136 Φ
1314 4069 1458 4153 507,
1490 4070 1615 4135 575
1662 4070 1815 4155 (non
1860 4071 2049 4155 573),
2096 4093 2259 4158 quos
2304 4070 2496 4136 facile
2539 4074 2667 4137 fuit
2696 4094 2780 4136 ex
2807 4072 2954 4156 ipsa
2981 4068 3239 4134 Lehrsii

661 4169 945 4236 editione
1010 4193 1391 4257 excerpere,
1454 4171 1573 4237 hos
1640 4181 1950 4257 tanquam
2005 4195 2090 4236 ex
2153 4173 2234 4236 iis
2304 4173 2743 4239 restituendos
2798 4176 2844 4239 Β
2900 4172 3055 4254 266,
3123 4169 3238 4234 ubi

659 4272 968 4337 Lehrsius
1015 4270 1286 4338 adnotat
1327 4274 1432 4338 hic
1476 4274 1681 4338 fuisse
1725 4272 2090 4338 Herodiani
2144 4284 2365 4339 notam
2419 4276 2500 4339 de
2545 4275 2779 4360 spiritu
2831 4273 2899 4337 in
2951 4275 3238 4339 ἰδνωθεις

660 4384 885 4460 patere
930 4395 1014 4437 ex
1062 4376 1125 4440 Μ
1167 4373 1313 4439 205.
1401 4374 1482 4438 In
1525 4376 1668 4441 cod.
1713 4375 1768 4439 L
1814 4384 2058 4439 exstat:
2109 4376 2371 4456 ἰδνώθηῑ
2420 4379 2724 4457 ἐκάμφθη.
2770 4378 2944 4465 παρὰ
2986 4377 3062 4441 τὸ
3103 4374 3236 4443 ι’ζω.

658 4478 733 4542 τὸ
785 4477 902 4544 ἵζω
956 4477 1286 4541 δαςύνεται
1343 4478 1445 4541 καὶ
1498 4478 1735 4554 γίνεται
1791 4479 1981 4557 ἰδνῶ,
2037 4479 2389 4558 τραπέντος
2440 4484 2558 4544 τοῦ
2603 4485 2635 4547 ζ
2690 4478 2778 4544 εἰς
2843 4484 2879 4544 δ
2923 4479 3238 4557 Δωρικῶς

659 4580 762 4643 καὶ
805 4581 1184 4663 πλεοναςμῷ
1239 4582 1356 4642 τοῦ
1413 4597 1480 4642 ν·
1548 4580 1623 4644 τὸ
1667 4580 1789 4658 γὰρ
1846 4578 2000 4644 ἰδνῶ
2062 4584 2393 4663 ψιλοῦται,
2459 4578 2696 4667 quodsi
2758 4578 2853 4645 sie
2921 4580 3239 4664 scriptum

659 4678 896 4750 fuisset
939 4678 1199 4759 ἰδνώθη·
1258 4683 1575 4759 ψιλοῦται.
1622 4682 1796 4761 παρὰ
1839 4683 1914 4746 τὸ
1957 4680 2072 4748 ι’ζω
2118 4682 2554 4760 δαςυνόμενον
2598 4682 2835 4759 γίνεται
2880 4681 3237 4761 τραπέντος

658 4785 776 4845 τοῦ
825 4768 858 4849 ζ
903 4782 991 4846 εἰς
1042 4786 1078 4846 δ
1119 4783 1429 4861 Δωρικῶς
1473 4804 1574 4846 και
1617 4786 1998 4865 πλεοναςμῷ
2044 4787 2159 4846 τοῦ
2205 4804 2241 4846 ν
2289 4784 2445 4847 ἰδνω
2503 4783 2928 4861 ψιλούμενον·
2985 4783 3062 4846 τὸ
3115 4781 3237 4858 γὰρ

659 4884 681 4949 ἰ
726 4883 852 4961 πρὸ
906 4886 1022 4950 τοῦ
1068 4888 1104 4947 δ
1157 4886 1490 4968 ψιλοῦται,
1537 4882 1816 4947 fortasse
1861 4882 1930 4946 in
1966 4879 2232 4947 Iliacam
2264 4882 2642 4963 Prosodiam
2687 4891 3069 4969 recepturus
3112 4880 3239 4944 fuit
