3664 5546
652 340 766 386 CIV
1731 332 2147 380 PRAEFATIO.

652 493 1186 577 scriptum·esse,
1234 487 1408 553 unde
1453 497 1677 573 pateat
1720 487 1847 551 iam
1901 487 2030 551 illis
2087 488 2486 575 temporibus
2531 494 2597 553 ὃῖ
2652 495 2725 553 ut
2774 494 2796 555 ῑ
2840 489 3221 575 pronunciav-

651 606 789 662 tum
845 615 1006 657 esse.
1099 590 1227 655 Sed
1285 589 1546 655 tametsi
1604 591 1718 654 vix
1776 588 1969 654 credo
2023 588 2193 653 hanc
2246 589 2630 677 diphthongi
2672 598 2739 657 δῖ
2794 601 2860 655 et
2912 590 3155 656 vocalis
3202 596 3223 657 ῐ

652 695 1099 762 confusionem
1144 715 1262 779 per
1306 713 1705 756 communem
1739 714 2103 757 sermonem
2146 699 2278 755 tam
2310 692 2593 778 antiquis
2640 693 3036 779 temporibus
3079 715 3220 778 per-

652 796 985 882 vulgatam
1030 794 1238 859 fuisse
1256 842 1274 876 ,
1323 803 1542 859 tamen
1588 794 1654 857 in
1687 792 1985 859 dialectis
2018 794 2301 878 vestigia
2331 795 2806 859 commixtionis
2838 794 3225 881 diphthongi

655 906 720 965 ὀἱ
762 921 908 963 cum
954 895 1166 984 ypsilo
1212 904 1592 962 occurrunt:
1644 894 1873 960 Choer.
1919 896 2094 960 Dict.
2126 895 2271 980 832,
2317 896 2403 960 20
2444 904 2726 978 τετυφῦα
2769 900 2870 963 καὶ
2914 900 2990 962 τὰ
3034 898 3224 977 ὅμοια

655 1002 718 1068 οἱ
759 1003 974 1066 Ἴωνες
1017 1000 1122 1064 διὰ
1165 1003 1275 1078 τῆς
1317 1005 1382 1065 δῖ
1428 1000 1711 1081 λέγουςι,
1766 996 2115 1081 Phrynich.
2165 1020 2226 1084 p.
2274 998 2396 1062 301
2455 998 2653 1063 habet
2708 1004 2893 1079 ψοῖαι
2949 1007 3012 1062 ct
3066 1003 3224 1082 ψῦα,

656 1103 948 1187 Theogn.
997 1123 1060 1188 p.
1107 1101 1254 1172 103,
1307 1102 1380 1164 11
1428 1101 1709 1179 τρίττοια
1751 1101 1790 1180 ἡ
1831 1100 2041 1181 θυςία,
2101 1098 2406 1164 scribitur
2444 1101 2748 1179 πατρυιός
2792 1110 2858 1166 et
2899 1102 3224 1183 πατροιός,

656 1203 995 1272 Aeolicum
1035 1207 1209 1270 τυῑδε
1253 1201 1414 1266 nihil
1458 1199 1638 1265 aliud
1693 1209 1795 1265 est
1847 1201 1971 1276 nisi
2023 1206 2200 1266 τοῖδε
2255 1208 2417 1286 τῷδε
2472 1200 2809 1268 intellectu
2865 1199 3224 1267 adverbiali
3272 1189 3277 1194 ¹

656 1319 730 1374 ut
772 1313 923 1392 τῇδε
965 1307 1160 1390 ταύτῃ
1204 1306 1291 1369 cf.
1335 1304 1501 1368 Lob.
1546 1302 1649 1369 El.
1696 1302 1768 1366 11
1814 1302 1898 1367 25
1940 1314 2075 1367 not.
2120 1302 2183 1384 5,
2230 1302 2297 1366 in
2342 1304 2418 1367 E.
2451 1304 2540 1368 M.
2574 1303 2717 1385 288,
2763 1305 2803 1369 3
2846 1314 2922 1370 nt
2964 1303 3227 1369 videtur

658 1434 742 1475 ex
785 1407 1160 1473 Herodiano
1205 1406 1483 1471 traditur
1528 1407 1744 1486 δροίτη
1790 1403 1986 1468 etiam
2031 1406 2224 1484 δρύτη
2270 1405 2496 1487 scribi,
2556 1406 2836 1471 alternat
2880 1408 3037 1472 δοιώ
3079 1428 3229 1469 cum

659 1514 794 1578 δύω
838 1510 921 1574 cf.
968 1507 1196 1574 Choer.
1229 1508 1406 1572 Dict.
1452 1506 1598 1571 442.
1629 1545 1715 1555 —
1743 1505 1844 1570 Ne
1887 1505 2047 1571 haec
2089 1506 2351 1591 quidem
2396 1508 2480 1573 ab
2513 1507 2997 1595 Orthographia
3025 1507 3225 1572 Hero-

662 1613 841 1679 diani
885 1633 1150 1698 prorsus
1196 1609 1408 1674 aliena
1452 1632 1592 1674 esse
1637 1608 1943 1673 arbitror.

828 1714 976 1780 Non
1020 1732 1174 1777 vero
1219 1711 1285 1775 in
1330 1733 1604 1775 examen
1647 1710 1917 1776 veniunt
1962 1716 1998 1776 ὃ
2044 1719 2110 1775 et
2155 1717 2208 1778 ὧ
2266 1709 2557 1795 vocales,
2614 1734 2774 1798 quas
2831 1712 3230 1799 posteriores

662 1819 922 1882 demum
965 1812 1373 1901 grammatici
1417 1812 1486 1876 in
1530 1811 2017 1898 Orthographia
2059 1814 2454 1880 tractabant.

828 1917 936 1983 Ad
967 1918 1226 1981 tertium
1247 1937 1452 2001 genus
1485 1937 1699 1978 rerum
1721 1915 2367 2000 orthographicarum
2400 1915 2682 2001 pertinet
2711 1917 2905 1980 etiam
2933 1916 3234 1983 doctrina

662 2022 744 2087 de
787 2025 809 2088 ἰ
851 2016 1198 2099 ineffabili,
1256 2017 1338 2082 de
1393 2037 1518 2103 quo
1577 2039 1660 2080 ex
1715 2015 1795 2081 Il.
1843 2016 1951 2080 Pr.
1994 2020 2044 2083 Α
2093 2017 2213 2081 129
2265 2017 2334 2081 in
2390 2017 2872 2105 Orthographia
2916 2018 3233 2083 Herodia-

661 2145 817 2187 num
871 2119 1256 2185 disseruisse
1322 2118 1591 2201 scimus,
1649 2141 2038 2207 quamquam
2097 2118 2492 2204 singularem
2548 2122 2744 2186 etiam
2796 2119 3049 2206 librum}
3088 2124 3237 2200 περὶ

663 2226 1127 2307 ἀνεκφωνήτου
1173 2221 1448 2308 scripsit.

833 2326 981 2407 Qua
1023 2324 1273 2390 ratione
1316 2323 1732 2389 Herodianus
1778 2325 1848 2387 in
1891 2324 2088 2389 rebus
2135 2323 2656 2411 orthographicis
2715 2326 2945 2410 egerit,
2993 2326 3237 2411 optime

664 2427 1087 2516 perspicitur,
1134 2426 1191 2490 si
1234 2425 1440 2511 legeS,
1487 2427 1554 2492 in
1598 2426 1830 2514 quibus
1878 2424 2345 2514 orthographia
2389 2426 2645 2508 nititur,
2686 2449 2770 2490 ex
2812 2426 3062 2492 Anecd.
3107 2424 3151 2489 l.
3183 2448 3235 2491 c.

666 2530 1187 2617 cognoverimus.
2800 2542 2807 2554 '

832 2634 1034 2699 Πόςοι
1078 2633 1344 2698 κανόνες
1398 2632 1863 2715 ὀρθογραφίας;
1922 2633 1993 2698 δ’.
2040 2631 2383 2750 ἀναλογία,
2440 2632 2797 2715 διάλεκτος,
2858 2632 3243 2710 ἐτυμολογία

666 2737 765 2803 καὶ
807 2735 1061 2815 ίςτορία.

836 2839 936 2904 καὶ
980 2838 1367 2915 ἀναλογία
1412 2839 1525 2917 μέν
1570 2838 1694 2902 ἐςτι
1740 2840 1955 2903 κανὼν
2000 2836 2436 2903 ἀποδεικτικὰς
2484 2839 2573 2902 ὡς
2618 2838 2686 2901 ἐν
2723 2845 2814 2923 τῷ
2858 2837 3152 2917 ἡμερινὸς
3199 2839 3239 2915 ἢ

668 2942 1034 3020 νυκτερινός
1089 2942 1164 3005 τὸ
1220 2946 1278 3019 ρῖ
1326 2940 1509 3004 ἰῶτα·
1563 2940 1701 3004 ἐπεὶ
1744 2940 1822 3004 τὰ
1868 2940 1971 3023 διὰ
2016 2944 2133 3004 τοῦ
2177 2958 2354 3018 ρινος
2399 2944 2622 3018 καιροῦ
2665 2940 3091 3018 παραςτατικὰ
3134 2941 3244 3004 διὰ

668 3048 783 3109 τοῦ
827 3045 849 3108 i
898 3043 1226 3122 γράφεται.

835 3144 1139 3222 ἱςτορία
1183 3144 1254 3207 δέ
1297 3143 1463 3207 ἐςτιν
1507 3143 1546 3220 ἡ
1591 3147 1720 3207 τῶν
1765 3147 2058 3207 παλαιῶν
2102 3143 2451 3221 παράδοςις
2498 3144 2589 3209 ὡς
2625 3144 2734 3209 ὅτε
2779 3146 2946 3223 χίλια
2976 3143 3080 3207 διὰ
3123 3148 3245 3208 τοῦ

669 3251 690 3311 i
733 3244 1077 3326 γράφεται,
1124 3245 1219 3309 ὅτι
1266 3243 1473 3309 οὕτως
1518 3244 1676 3309 αὐτὸ
1721 3246 2094 3322 παρέδωκεν
2145 3245 2183 3322 ἡ
2231 3245 2540 3323 ςυνήθεια.

839 3345 1249 3411 διάλεκτος
1305 3347 1375 3410 δέ
1422 3346 1587 3409 ἐςτιν
1644 3344 1867 3424 ἰδίωμα
1909 3347 2218 3423 γλώττης·
2282 3347 2372 3410 ὡς
2428 3346 2588 3412 ὅταν
2643 3347 2916 3426 μείλιχος
2972 3302 3075 3411 διὰ
3130 3351 3248 3423 τῆς

673 3450 726 3512 ἐἰ
784 3447 1140 3528 διφθόγγου
1194 3446 1571 3527 γράφωμεν·
1637 3446 1774 3511 ἐπεὶ
1831 3446 1892 3511 οἱ
1948 3447 2197 3513 Αἰολεῖς
2251 3449 2547 3528 μέλλιχος
2603 3450 2851 3526 λέγουςι
2908 3450 2982 3514 τὸ
3041 3450 3110 3514 ἐν
3165 3457 3249 3533 τῆ

675 3549 1006 3631 διφθόγγῳ
1052 3568 1082 3610 ε
1128 3548 1592 3629 ἐκφωνοῦντες.

843 3649 1320 3728 ἐτυμολογία
1376 3651 1447 3714 δὲ
1502 3648 1811 3729 ςύντομος
1866 3651 1967 3715 καὶ
2021 3650 2257 3732 ἀληθὴς
2312 3653 2631 3719 ἀπόδειξις
2685 3656 2801 3717 τοῦ
2852 3653 3250 3732 ζητουμένου

640 3753 768 3817 ιὡς
825 3750 980 3815 ὅταν
1037 3750 1198 3816 εἴπω
1254 3751 1618 3834 εἰλικρινής,
1674 3753 1749 3817 τὸ
1809 3755 1864 3816 ’ἑῑ
1921 3752 2279 3833 δίφθογγον
2333 3756 2509 3833 παρὰ
2562 3755 2678 3833 τὴν
2737 3753 2887 3833 ἕλην
2958 3756 3072 3832 τὴν
3126 3760 3252 3820 τοῦ

675 3850 857 3931 ἡλίου
903 3852 1125 3931 αὐγήν.

845 3953 922 4017 In
966 3953 1065 4018 his
1109 3964 1284 4019 recte
1330 3954 1698 4041 expositum
1743 3964 1871 4038 est,
1919 3978 2078 4043 quas
2124 3958 2409 4023 rationes
2451 3956 2858 4042 grammatici
2901 3956 2968 4019 in
3011 3956 3255 4021 consti-

676 4054 918 4120 tuenda
961 4065 1023 4120 et
1066 4055 1433 4121 definienda
1475 4057 1797 4142 scriptura
1840 4058 2045 4124 secuti
2088 4060 2238 4124 sint.
2327 4058 2555 4146 Neque
2600 4058 2788 4123 aliter
2829 4057 3253 4124 Herodianus

677 4157 1017 4245 processit.
1107 4156 1596 4223 Observaverat
1651 4181 1702 4223 e.
1748 4180 1811 4244 g.
1868 4182 2089 4225 omnes
2147 4183 2187 4225 a
2229 4167 2299 4241 χῖ
2357 4159 2612 4246 syllaba
2667 4159 2993 4226 ordientes
3053 4181 3251 4225 voces

677 4282 793 4345 per
836 4265 867 4325 ἑ
912 4258 1141 4340 scribi,
1186 4269 1414 4325 contra
1455 4259 1623 4324 hanc
1667 4258 1877 4346 legem
1921 4273 2148 4348 peccat
2190 4266 2399 4343 χαίτη,
2426 4324 2433 4333 ,
2460 4286 2660 4349 quare
2714 4264 2800 4328 ad
2857 4263 3293 4349 scripturam,

680 4361 763 4426 ab
804 4383 1033 4426 norma
1076 4361 1484 4427 aberrantem
1526 4361 1990 4448 etymologiam
2022 4386 2176 4428 sane
2207 4364 2438 4428 miram
2469 4386 2508 4428 a
2531 4371 2785 4449 ικρατῶ,
2829 4388 2957 4451 qua
2997 4363 3250 4430 vocalis

680 4486 753 4541 α,
807 4463 913 4527 cui
956 4467 978 4529 ῑ
1031 4485 1149 4549 per
1197 4461 1642 4547 pleonasmum
1698 4463 1997 4530 additum
2057 4464 2172 4549 sit,
2241 4476 2315 4531 ut
2364 4466 2683 4531 naturalis
2731 4466 3131 4549 defenditur,
3178 4467 3251 4531 in

681 4564 999 4630 auxilium
1047 4573 1241 4629 vocat
1285 4565 1607 4652 (Theogn.
1661 4566 1756 4648 12,
1801 4567 1935 4654 26).

847 4666 938 4732 Ut
981 4668 1083 4730 hic
1128 4665 1236 4731 lex
1278 4668 1600 4752 generalis
1647 4669 1729 4733 de
1759 4669 2077 4755 principio
2110 4668 2573 4736 vocabulorum
2607 4694 2646 4734 a
2684 4677 2768 4752 ῑέ
2800 4670 3250 4757 incipientium

683 4776 898 4853 etymo
966 4768 1352 4853 abrogatur,
1421 4770 1516 4835 sic
1570 4781 1835 4858 etymon
1900 4770 2205 4856 analogia
2258 4774 2327 4836 in
2378 4775 2695 4856 πρώειρα,
2762 4772 2937 4859 quod
2994 4796 3033 4836 a
3087 4794 3246 4852 προ-
