<?xml version="1.0" encoding="UTF-8"?>
<!DOCTYPE html PUBLIC "-//W3C//DTD XHTML 1.0 Transitional//EN"
    "http://www.w3.org/TR/xhtml1/DTD/xhtml1-transitional.dtd">
<html xmlns="http://www.w3.org/1999/xhtml" xml:lang="en" lang="en">
 <head>
  <title>
</title>
<meta http-equiv="Content-Type" content="text/html;charset=utf-8" />
  <meta name='ocr-system' content='tesseract 3.04.00' />
  <meta name='ocr-capabilities' content='ocr_page ocr_carea ocr_par ocr_line ocrx_word'/>
</head>
<body>
  <div class='ocr_page' id='page_1' title='image "./grammaticigraec02unkngoog_0496.png"; bbox 0 0 3664 5546; ppageno 0'>
   <div class='ocr_carea' id='block_1_1' title="bbox 665 308 2302 374">
    <p class='ocr_par' dir='ltr' id='par_1_1' title="bbox 665 308 2302 374">
     <span class='ocr_line' id='line_1_1' title="bbox 665 308 2302 374; baseline 0.001 -13"><span class='ocrx_word' id='word_1_1' title='bbox 665 308 794 374; x_wconf 82' lang='lat'>250</span> <span class='ocrx_word' id='word_1_2' title='bbox 817 352 827 361; x_wconf 86' lang='lat'><em>.</em></span> <span class='ocrx_word' id='word_1_3' title='bbox 1592 309 1677 365; x_wconf 83' lang='grc' dir='ltr'>ΕΚ</span> <span class='ocrx_word' id='word_1_4' title='bbox 1714 308 1853 363; x_wconf 88' lang='grc' dir='ltr'>ΤΩΝ</span> <span class='ocrx_word' id='word_1_5' title='bbox 1896 308 2302 363; x_wconf 82' lang='grc' dir='ltr'>ΗΡΩΔΙΑΝΟΥ</span> 
     </span>
    </p>
   </div>
   <div class='ocr_carea' id='block_1_2' title="bbox 567 478 3239 3728">
    <p class='ocr_par' dir='ltr' id='par_1_2' title="bbox 567 478 3239 3728">
     <span class='ocr_line' id='line_1_2' title="bbox 667 478 3234 564; baseline -0.001 -18"><span class='ocrx_word' id='word_1_6' title='bbox 667 483 891 546; x_wconf 79' lang='grc' dir='ltr'>«δαῖτα</span> <span class='ocrx_word' id='word_1_7' title='bbox 934 480 1233 547; x_wconf 76' lang='grc' dir='ltr'>θάλειαν»</span> <span class='ocrx_word' id='word_1_8' title='bbox 1281 482 1363 564; x_wconf 91' lang='grc' dir='ltr'>(Η</span> <span class='ocrx_word' id='word_1_9' title='bbox 1406 478 1576 563; x_wconf 82' lang='grc'>475).</span> <span class='ocrx_word' id='word_1_10' title='bbox 1662 480 1738 545; x_wconf 90' lang='grc' dir='ltr'>τὸ</span> <span class='ocrx_word' id='word_1_11' title='bbox 1784 479 1857 544; x_wconf 80' lang='grc' dir='ltr'>δὲ</span> <span class='ocrx_word' id='word_1_12' title='bbox 1902 478 2207 559; x_wconf 91' lang='grc' dir='ltr'>θαμειαί</span> <span class='ocrx_word' id='word_1_13' title='bbox 2248 479 2594 560; x_wconf 88' lang='grc' dir='ltr'>Πάμφιλος</span> <span class='ocrx_word' id='word_1_14' title='bbox 2650 479 2818 556; x_wconf 84' lang='grc' dir='ltr'>λέγει</span> <span class='ocrx_word' id='word_1_15' title='bbox 2880 481 2969 547; x_wconf 85' lang='grc' dir='ltr'>ὡς</span> <span class='ocrx_word' id='word_1_16' title='bbox 3016 478 3234 564; x_wconf 84' lang='grc' dir='ltr'>ὀξεῖαι,</span> 
     </span>
     <span class='ocr_line' id='line_1_3' title="bbox 664 578 2725 663; baseline -0.001 -15"><span class='ocrx_word' id='word_1_17' title='bbox 664 583 1060 663; x_wconf 88' lang='grc' dir='ltr'>Ἀρίςταρχος</span> <span class='ocrx_word' id='word_1_18' title='bbox 1103 585 1176 648; x_wconf 81' lang='grc' dir='ltr'>δὲ</span> <span class='ocrx_word' id='word_1_19' title='bbox 1222 583 1312 649; x_wconf 86' lang='grc' dir='ltr'>ὡς</span> <span class='ocrx_word' id='word_1_20' title='bbox 1356 582 1633 648; x_wconf 87' lang='grc' dir='ltr'>πυκιναί·</span> <span class='ocrx_word' id='word_1_21' title='bbox 1679 582 1917 662; x_wconf 88' lang='grc' dir='ltr'>ὁμοίως</span> <span class='ocrx_word' id='word_1_22' title='bbox 1961 583 2032 647; x_wconf 76' lang='grc' dir='ltr'>δὲ</span> <span class='ocrx_word' id='word_1_23' title='bbox 2075 583 2178 646; x_wconf 83' lang='grc' dir='ltr'>καὶ</span> <span class='ocrx_word' id='word_1_24' title='bbox 2218 582 2294 647; x_wconf 90' lang='grc' dir='ltr'>τὸ</span> <span class='ocrx_word' id='word_1_25' title='bbox 2339 578 2725 663; x_wconf 81' lang='grc' dir='ltr'>ταρφειαί.</span> 
     </span>
     <span class='ocr_line' id='line_1_4' title="bbox 829 682 3235 765; baseline -0 -15"><span class='ocrx_word' id='word_1_26' title='bbox 829 685 924 750; x_wconf 84' lang='grc' dir='ltr'>Τὰ</span> <span class='ocrx_word' id='word_1_27' title='bbox 967 684 1056 752; x_wconf 80' lang='grc' dir='ltr'>εἰς</span> <span class='ocrx_word' id='word_1_28' title='bbox 1098 690 1181 751; x_wconf 51' lang='lat' dir='ltr'>iso-z</span> <span class='ocrx_word' id='word_1_29' title='bbox 1225 685 1722 765; x_wconf 88' lang='grc' dir='ltr'>ςυνεςταλμένον</span> <span class='ocrx_word' id='word_1_30' title='bbox 1767 684 2005 764; x_wconf 83' lang='grc' dir='ltr'>ἔχοντα</span> <span class='ocrx_word' id='word_1_31' title='bbox 2046 683 2121 748; x_wconf 90' lang='grc' dir='ltr'>τὸ</span> <span class='ocrx_word' id='word_1_32' title='bbox 2167 686 2208 749; x_wconf 87' lang='grc' dir='ltr'>ἇ</span> <span class='ocrx_word' id='word_1_33' title='bbox 2251 682 2383 749; x_wconf 83' lang='grc' dir='ltr'>ἀπὸ</span> <span class='ocrx_word' id='word_1_34' title='bbox 2426 688 2556 764; x_wconf 68' lang='grc' dir='ltr'>τῆς,</span> <span class='ocrx_word' id='word_1_35' title='bbox 2592 689 2841 763; x_wconf 93' lang='grc' dir='ltr'>γενικῆς</span> <span class='ocrx_word' id='word_1_36' title='bbox 2894 687 3012 749; x_wconf 87' lang='grc' dir='ltr'>τοῦ</span> <span class='ocrx_word' id='word_1_37' title='bbox 3055 683 3235 764; x_wconf 86' lang='grc' dir='ltr'>ἀρςε-</span> 
     </span>
     <span class='ocr_line' id='line_1_5' title="bbox 662 785 3234 869; baseline -0.001 -15"><span class='ocrx_word' id='word_1_38' title='bbox 662 792 842 854; x_wconf 92' lang='grc' dir='ltr'>νικοῦ</span> <span class='ocrx_word' id='word_1_39' title='bbox 896 788 1389 869; x_wconf 86' lang='grc' dir='ltr'>ςχηματιζόμενα</span> <span class='ocrx_word' id='word_1_40' title='bbox 1441 786 2025 868; x_wconf 83' lang='grc' dir='ltr'>προπαροξύνεται,</span> <span class='ocrx_word' id='word_1_41' title='bbox 2091 785 2365 865; x_wconf 84' lang='grc' dir='ltr'>μέλανος</span> <span class='ocrx_word' id='word_1_42' title='bbox 2422 786 2779 866; x_wconf 89' lang='grc' dir='ltr'>μέλαινα·</span> <span class='ocrx_word' id='word_1_43' title='bbox 2845 787 2920 852; x_wconf 90' lang='grc' dir='ltr'>τὸ</span> <span class='ocrx_word' id='word_1_44' title='bbox 2967 788 3038 852; x_wconf 76' lang='grc' dir='ltr'>δὲ</span> <span class='ocrx_word' id='word_1_45' title='bbox 3084 788 3234 852; x_wconf 90' lang='grc' dir='ltr'>Με-</span> 
     </span>
     <span class='ocr_line' id='line_1_6' title="bbox 602 886 3236 971; baseline 0 -18"><span class='ocrx_word' id='word_1_46' title='bbox 602 903 635 953; x_wconf 83' lang='grc'><strong>5</strong></span> <span class='ocrx_word' id='word_1_47' title='bbox 667 889 926 956; x_wconf 89' lang='grc' dir='ltr'>λαιναί</span> <span class='ocrx_word' id='word_1_48' title='bbox 978 891 1165 956; x_wconf 89' lang='grc' dir='ltr'>πόλις</span> <span class='ocrx_word' id='word_1_49' title='bbox 1219 888 1543 969; x_wconf 88' lang='grc' dir='ltr'>Ἀρκαδίας</span> <span class='ocrx_word' id='word_1_50' title='bbox 1597 886 1915 956; x_wconf 83' lang='grc' dir='ltr'>ὀξύνεται·</span> <span class='ocrx_word' id='word_1_51' title='bbox 1969 887 2100 952; x_wconf 86' lang='grc' dir='ltr'>ἀπὸ</span> <span class='ocrx_word' id='word_1_52' title='bbox 2157 888 2504 953; x_wconf 74' lang='grc' dir='ltr'>Μελανέως</span> <span class='ocrx_word' id='word_1_53' title='bbox 2558 892 2675 954; x_wconf 91' lang='grc' dir='ltr'>τοῦ</span> <span class='ocrx_word' id='word_1_54' title='bbox 2728 889 3088 971; x_wconf 90' lang='grc' dir='ltr'>Λυκάονος,</span> <span class='ocrx_word' id='word_1_55' title='bbox 3145 889 3236 954; x_wconf 85' lang='grc' dir='ltr'>ὡς</span> 
     </span>
     <span class='ocr_line' id='line_1_7' title="bbox 661 989 3234 1074; baseline -0.001 -16"><span class='ocrx_word' id='word_1_56' title='bbox 661 990 1024 1059; x_wconf 89' lang='grc' dir='ltr'>Παυςανίας</span> <span class='ocrx_word' id='word_1_57' title='bbox 1068 990 1169 1074; x_wconf 88' lang='grc'>(8,</span> <span class='ocrx_word' id='word_1_58' title='bbox 1214 990 1331 1073; x_wconf 83' lang='grc'>26,</span> <span class='ocrx_word' id='word_1_59' title='bbox 1377 990 1461 1073; x_wconf 87' lang='grc'>8).</span> <span class='ocrx_word' id='word_1_60' title='bbox 1535 989 1784 1056; x_wconf 86' lang='grc' dir='ltr'>Ῥιανὸς</span> <span class='ocrx_word' id='word_1_61' title='bbox 1840 990 1910 1054; x_wconf 84' lang='grc' dir='ltr'>ἐν</span> <span class='ocrx_word' id='word_1_62' title='bbox 1953 990 2266 1056; x_wconf 83' lang='grc' dir='ltr'>Ἠλιακῶν</span> <span class='ocrx_word' id='word_1_63' title='bbox 2323 991 2560 1074; x_wconf 84' lang='grc' dir='ltr'>πρώτῳ</span> <span class='ocrx_word' id='word_1_64' title='bbox 2607 991 2916 1070; x_wconf 76' lang='grc' dir='ltr'>«Γόρτυν’</span> <span class='ocrx_word' id='word_1_65' title='bbox 2962 991 3234 1070; x_wconf 67' lang='grc' dir='ltr'>’Ἠραιάν</span> 
     </span>
     <span class='ocr_line' id='line_1_8' title="bbox 662 1091 3235 1176; baseline -0.001 -16"><span class='ocrx_word' id='word_1_66' title='bbox 662 1115 730 1160; x_wconf 90' lang='grc' dir='ltr'>τε</span> <span class='ocrx_word' id='word_1_67' title='bbox 773 1092 1231 1173; x_wconf 76' lang='grc' dir='ltr'>πολυδρύμους</span> <span class='ocrx_word' id='word_1_68' title='bbox 1267 1114 1334 1157; x_wconf 91' lang='grc' dir='ltr'>τε</span> <span class='ocrx_word' id='word_1_69' title='bbox 1381 1092 1705 1158; x_wconf 91' lang='grc' dir='ltr'>Μελαινάς</span> <span class='ocrx_word' id='word_1_70' title='bbox 1721 1116 1765 1156; x_wconf 82' lang='lat'>».</span> <span class='ocrx_word' id='word_1_71' title='bbox 1841 1091 1954 1157; x_wconf 83' lang='grc' dir='ltr'>εἰςὶ</span> <span class='ocrx_word' id='word_1_72' title='bbox 1998 1093 2069 1156; x_wconf 81' lang='grc' dir='ltr'>δὲ</span> <span class='ocrx_word' id='word_1_73' title='bbox 2112 1092 2215 1156; x_wconf 85' lang='grc' dir='ltr'>καὶ</span> <span class='ocrx_word' id='word_1_74' title='bbox 2256 1092 2483 1157; x_wconf 88' lang='grc' dir='ltr'>Λυκίας</span> <span class='ocrx_word' id='word_1_75' title='bbox 2530 1093 2840 1158; x_wconf 84' lang='grc' dir='ltr'>Μελαιναί</span> <span class='ocrx_word' id='word_1_76' title='bbox 2883 1092 3100 1176; x_wconf 87' lang='grc' dir='ltr'>πόλις,</span> <span class='ocrx_word' id='word_1_77' title='bbox 3144 1093 3235 1158; x_wconf 85' lang='grc' dir='ltr'>ὡς</span> 
     </span>
     <span class='ocr_line' id='line_1_9' title="bbox 663 1194 3233 1275; baseline -0.001 -13"><span class='ocrx_word' id='word_1_78' title='bbox 663 1196 1076 1275; x_wconf 88' lang='grc' dir='ltr'>Ἀλέξανδρος</span> <span class='ocrx_word' id='word_1_79' title='bbox 1118 1196 1466 1261; x_wconf 90' lang='grc' dir='ltr'>Λυκιακοῑς.</span> <span class='ocrx_word' id='word_1_80' title='bbox 1552 1195 1654 1259; x_wconf 83' lang='grc' dir='ltr'>καὶ</span> <span class='ocrx_word' id='word_1_81' title='bbox 1702 1194 2096 1273; x_wconf 90' lang='grc' dir='ltr'>Καλλίμαχος</span> <span class='ocrx_word' id='word_1_82' title='bbox 2151 1194 2473 1260; x_wconf 92' lang='grc' dir='ltr'>Μελαινάς</span> <span class='ocrx_word' id='word_1_83' title='bbox 2529 1216 2679 1275; x_wconf 88' lang='grc' dir='ltr'>φηςι</span> <span class='ocrx_word' id='word_1_84' title='bbox 2726 1196 3065 1263; x_wconf 88' lang='grc' dir='ltr'>Μελαινεῖς</span> <span class='ocrx_word' id='word_1_85' title='bbox 3119 1196 3233 1260; x_wconf 88' lang='grc' dir='ltr'>τὸν</span> 
     </span>
     <span class='ocr_line' id='line_1_10' title="bbox 665 1290 3234 1380; baseline 0 -18"><span class='ocrx_word' id='word_1_86' title='bbox 665 1301 867 1378; x_wconf 92' lang='grc' dir='ltr'>δῆμον</span> <span class='ocrx_word' id='word_1_87' title='bbox 920 1301 1031 1377; x_wconf 89' lang='grc' dir='ltr'>τῆς</span> <span class='ocrx_word' id='word_1_88' title='bbox 1087 1296 1476 1375; x_wconf 81' lang='grc' dir='ltr'>Ἀντιοχίδος</span> <span class='ocrx_word' id='word_1_89' title='bbox 1530 1298 1740 1375; x_wconf 89' lang='grc' dir='ltr'>φυλῆς</span> <span class='ocrx_word' id='word_1_90' title='bbox 1797 1295 1869 1361; x_wconf 85' lang='grc' dir='ltr'>ἐν</span> <span class='ocrx_word' id='word_1_91' title='bbox 1923 1295 2162 1380; x_wconf 86' lang='grc' dir='ltr'>Ἑκάλῃ.</span> <span class='ocrx_word' id='word_1_92' title='bbox 2249 1295 2529 1362; x_wconf 91' lang='grc' dir='ltr'>τάλανος</span> <span class='ocrx_word' id='word_1_93' title='bbox 2582 1290 2943 1380; x_wconf 81' lang='grc' dir='ltr'>τάλαινα,</span> <span class='ocrx_word' id='word_1_94' title='bbox 3008 1298 3234 1363; x_wconf 92' lang='grc' dir='ltr'>Λάκων</span> 
     </span>
     <span class='ocr_line' id='line_1_11' title="bbox 569 1397 3001 1482; baseline 0.003 -24"><span class='ocrx_word' id='word_1_95' title='bbox 569 1408 631 1460; x_wconf 90' lang='lat'>10</span> <span class='ocrx_word' id='word_1_96' title='bbox 665 1399 1043 1482; x_wconf 84' lang='grc' dir='ltr'>Λάκαινα,</span> <span class='ocrx_word' id='word_1_97' title='bbox 1088 1400 1342 1479; x_wconf 89' lang='grc' dir='ltr'>δράκων</span> <span class='ocrx_word' id='word_1_98' title='bbox 1389 1398 1801 1479; x_wconf 90' lang='grc' dir='ltr'>δράκαινα,</span> <span class='ocrx_word' id='word_1_99' title='bbox 1848 1397 2316 1481; x_wconf 89' lang='grc' dir='ltr'>θεράπαινα,</span> <span class='ocrx_word' id='word_1_100' title='bbox 2361 1399 2669 1482; x_wconf 87' lang='grc' dir='ltr'>θέαινα,</span> <span class='ocrx_word' id='word_1_101' title='bbox 2715 1400 3001 1465; x_wconf 74' lang='grc' dir='ltr'>λέαινα</span> 
     </span>
     <span class='ocr_line' id='line_1_12' title="bbox 832 1499 3235 1582; baseline 0.001 -16"><span class='ocrx_word' id='word_1_102' title='bbox 832 1501 959 1566; x_wconf 84' lang='grc' dir='ltr'>Ἔτι</span> <span class='ocrx_word' id='word_1_103' title='bbox 990 1500 1096 1566; x_wconf 89' lang='grc' dir='ltr'>’τὰ</span> <span class='ocrx_word' id='word_1_104' title='bbox 1149 1500 1237 1567; x_wconf 87' lang='grc' dir='ltr'>εἰς</span> <span class='ocrx_word' id='word_1_105' title='bbox 1288 1504 1372 1578; x_wconf 71' lang='grc' dir='ltr'>’ρῖι</span> <span class='ocrx_word' id='word_1_106' title='bbox 1428 1499 1626 1581; x_wconf 86' lang='grc' dir='ltr'>βραχὺ</span> <span class='ocrx_word' id='word_1_107' title='bbox 1684 1499 2336 1582; x_wconf 88' lang='grc' dir='ltr'>παρεςχηματιςμένα,</span> <span class='ocrx_word' id='word_1_108' title='bbox 2410 1503 2618 1581; x_wconf 87' lang='grc' dir='ltr'>ςωτήρ</span> <span class='ocrx_word' id='word_1_109' title='bbox 2673 1503 3021 1582; x_wconf 85' lang='grc' dir='ltr'>ςώτειρα.</span> <span class='ocrx_word' id='word_1_110' title='bbox 3108 1502 3235 1568; x_wconf 85' lang='grc' dir='ltr'>ἔςτι</span> 
     </span>
     <span class='ocr_line' id='line_1_13' title="bbox 666 1600 3233 1687; baseline 0.001 -19"><span class='ocrx_word' id='word_1_111' title='bbox 666 1604 769 1668; x_wconf 84' lang='grc' dir='ltr'>καὶ</span> <span class='ocrx_word' id='word_1_112' title='bbox 809 1603 996 1668; x_wconf 90' lang='grc' dir='ltr'>πόλις</span> <span class='ocrx_word' id='word_1_113' title='bbox 1048 1603 1354 1681; x_wconf 90' lang='grc' dir='ltr'>Ἀριηνῶν</span> <span class='ocrx_word' id='word_1_114' title='bbox 1399 1600 1729 1679; x_wconf 83' lang='grc' dir='ltr'>Ἀντιόχου</span> <span class='ocrx_word' id='word_1_115' title='bbox 1783 1601 1997 1680; x_wconf 88' lang='grc' dir='ltr'>κτίςμα</span> <span class='ocrx_word' id='word_1_116' title='bbox 2049 1605 2166 1666; x_wconf 91' lang='grc' dir='ltr'>τοῦ</span> <span class='ocrx_word' id='word_1_117' title='bbox 2212 1602 2539 1668; x_wconf 76' lang='grc' dir='ltr'>Εελεύκου.</span> <span class='ocrx_word' id='word_1_118' title='bbox 2627 1603 2829 1684; x_wconf 85' lang='grc' dir='ltr'>μάκαρ</span> <span class='ocrx_word' id='word_1_119' title='bbox 2874 1605 3233 1687; x_wconf 90' lang='grc' dir='ltr'>μάκαιρα,</span> 
     </span>
     <span class='ocr_line' id='line_1_14' title="bbox 667 1701 3233 1790; baseline 0 -20"><span class='ocrx_word' id='word_1_120' title='bbox 667 1704 1113 1787; x_wconf 87' lang='grc' dir='ltr'>πρέςβειρα,</span> <span class='ocrx_word' id='word_1_121' title='bbox 1161 1703 1510 1785; x_wconf 83' lang='grc' dir='ltr'>δότειρα,</span> <span class='ocrx_word' id='word_1_122' title='bbox 1557 1701 1950 1786; x_wconf 88' lang='grc' dir='ltr'>ὀλέτειρα,</span> <span class='ocrx_word' id='word_1_123' title='bbox 1993 1703 2439 1787; x_wconf 86' lang='grc' dir='ltr'>γενέτειρα,</span> <span class='ocrx_word' id='word_1_124' title='bbox 2481 1703 2937 1790; x_wconf 87' lang='grc' dir='ltr'>εὐπάτειρα,</span> <span class='ocrx_word' id='word_1_125' title='bbox 2969 1706 3233 1773; x_wconf 86' lang='grc' dir='ltr'>ἀντιά-</span> 
     </span>
     <span class='ocr_line' id='line_1_15' title="bbox 666 1803 3235 1890; baseline -0 -17"><span class='ocrx_word' id='word_1_126' title='bbox 666 1827 924 1890; x_wconf 92' lang='grc' dir='ltr'>νειρα,</span> <span class='ocrx_word' id='word_1_127' title='bbox 971 1804 1462 1888; x_wconf 90' lang='grc' dir='ltr'>κυδιάνειρα,</span> <span class='ocrx_word' id='word_1_128' title='bbox 1505 1803 1949 1887; x_wconf 85' lang='grc' dir='ltr'>κτεάνειρα,</span> <span class='ocrx_word' id='word_1_129' title='bbox 2008 1805 2213 1870; x_wconf 87' lang='grc' dir='ltr'>οὕτως</span> <span class='ocrx_word' id='word_1_130' title='bbox 2257 1807 2358 1870; x_wconf 86' lang='grc' dir='ltr'>καὶ</span> <span class='ocrx_word' id='word_1_131' title='bbox 2406 1805 2532 1885; x_wconf 90' lang='grc' dir='ltr'>Κάρ</span> <span class='ocrx_word' id='word_1_132' title='bbox 2581 1807 2875 1886; x_wconf 89' lang='grc' dir='ltr'>Κάειρα.</span> <span class='ocrx_word' id='word_1_133' title='bbox 2963 1810 3065 1874; x_wconf 86' lang='grc' dir='ltr'>καὶ</span> <span class='ocrx_word' id='word_1_134' title='bbox 3106 1808 3235 1873; x_wconf 82' lang='grc' dir='ltr'>ἔδει</span> 
     </span>
     <span class='ocr_line' id='line_1_16' title="bbox 572 1904 3234 1993; baseline 0 -18"><span class='ocrx_word' id='word_1_135' title='bbox 572 1925 632 1976; x_wconf 81' lang='lat'>15</span> <span class='ocrx_word' id='word_1_136' title='bbox 669 1910 781 1989; x_wconf 77' lang='grc' dir='ltr'>μὲν</span> <span class='ocrx_word' id='word_1_137' title='bbox 836 1909 941 1973; x_wconf 88' lang='grc' dir='ltr'>διὰ</span> <span class='ocrx_word' id='word_1_138' title='bbox 994 1911 1111 1973; x_wconf 90' lang='grc' dir='ltr'>τοῦ</span> <span class='ocrx_word' id='word_1_139' title='bbox 1162 1910 1195 1971; x_wconf 86' lang='grc' dir='ltr'>ῑ“</span> <span class='ocrx_word' id='word_1_140' title='bbox 1240 1910 1481 1986; x_wconf 86' lang='grc' dir='ltr'>μακροῦ</span> <span class='ocrx_word' id='word_1_141' title='bbox 1535 1904 1915 1986; x_wconf 88' lang='grc' dir='ltr'>γράφεςθαι·</span> <span class='ocrx_word' id='word_1_142' title='bbox 1986 1906 2182 1985; x_wconf 90' lang='grc' dir='ltr'>Καῖρα</span> <span class='ocrx_word' id='word_1_143' title='bbox 2235 1909 2335 1973; x_wconf 86' lang='grc' dir='ltr'>καὶ</span> <span class='ocrx_word' id='word_1_144' title='bbox 2392 1907 2462 1972; x_wconf 84' lang='grc' dir='ltr'>ἐν</span> <span class='ocrx_word' id='word_1_145' title='bbox 2519 1910 2793 1975; x_wconf 91' lang='grc' dir='ltr'>διαλύςει</span> <span class='ocrx_word' id='word_1_146' title='bbox 2855 1909 3079 1993; x_wconf 86' lang='grc' dir='ltr'>Κάῖρα,</span> <span class='ocrx_word' id='word_1_147' title='bbox 3145 1911 3234 1976; x_wconf 87' lang='grc' dir='ltr'>ῶς</span> 
     </span>
     <span class='ocr_line' id='line_1_17' title="bbox 666 2008 3238 2099; baseline 0 -23"><span class='ocrx_word' id='word_1_148' title='bbox 666 2011 1100 2076; x_wconf 86' lang='grc' dir='ltr'>Ἀπολλώνιος</span> <span class='ocrx_word' id='word_1_149' title='bbox 1143 2009 1213 2073; x_wconf 80' lang='grc' dir='ltr'>ἐν</span> <span class='ocrx_word' id='word_1_150' title='bbox 1257 2015 1348 2091; x_wconf 83' lang='grc' dir='ltr'>τῷ</span> <span class='ocrx_word' id='word_1_151' title='bbox 1393 2008 1441 2073; x_wconf 92' lang='grc' dir='ltr'>ε’</span> <span class='ocrx_word' id='word_1_152' title='bbox 1487 2008 1632 2086; x_wconf 85' lang='grc' dir='ltr'>περὶ</span> <span class='ocrx_word' id='word_1_153' title='bbox 1674 2011 1899 2073; x_wconf 90' lang='grc' dir='ltr'>παθῶν</span> <span class='ocrx_word' id='word_1_154' title='bbox 1943 2010 2045 2073; x_wconf 84' lang='grc' dir='ltr'>καὶ</span> <span class='ocrx_word' id='word_1_155' title='bbox 2088 2008 2158 2073; x_wconf 84' lang='grc' dir='ltr'>ἐν</span> <span class='ocrx_word' id='word_1_156' title='bbox 2203 2016 2294 2095; x_wconf 84' lang='grc' dir='ltr'>τῷ</span> <span class='ocrx_word' id='word_1_157' title='bbox 2338 2012 2482 2088; x_wconf 84' lang='grc' dir='ltr'>περὶ</span> <span class='ocrx_word' id='word_1_158' title='bbox 2510 2016 2736 2088; x_wconf 84' lang='grc' dir='ltr'>γενῶν.</span> <span class='ocrx_word' id='word_1_159' title='bbox 2779 2013 2842 2099; x_wconf 44' lang='grc' dir='ltr'>,ἡ</span> <span class='ocrx_word' id='word_1_160' title='bbox 2887 2014 2959 2078; x_wconf 79' lang='grc' dir='ltr'>δὲ</span> <span class='ocrx_word' id='word_1_161' title='bbox 2999 2011 3238 2077; x_wconf 85' lang='grc' dir='ltr'>ἔκταςις</span> 
     </span>
     <span class='ocr_line' id='line_1_18' title="bbox 668 2108 3235 2194; baseline 0.001 -18"><span class='ocrx_word' id='word_1_162' title='bbox 668 2110 978 2189; x_wconf 90' lang='grc' dir='ltr'>ἀναγκαία</span> <span class='ocrx_word' id='word_1_163' title='bbox 1022 2112 1127 2176; x_wconf 89' lang='grc' dir='ltr'>διὰ</span> <span class='ocrx_word' id='word_1_164' title='bbox 1168 2111 1284 2188; x_wconf 88' lang='grc' dir='ltr'>τὴν</span> <span class='ocrx_word' id='word_1_165' title='bbox 1331 2110 1842 2188; x_wconf 87' lang='grc' dir='ltr'>παραλήγουςαν.</span> <span class='ocrx_word' id='word_1_166' title='bbox 1929 2111 2008 2174; x_wconf 87' lang='grc' dir='ltr'>τὰ</span> <span class='ocrx_word' id='word_1_167' title='bbox 2050 2111 2172 2189; x_wconf 87' lang='grc' dir='ltr'>γὰρ</span> <span class='ocrx_word' id='word_1_168' title='bbox 2228 2110 2317 2176; x_wconf 88' lang='grc' dir='ltr'>εἰς</span> <span class='ocrx_word' id='word_1_169' title='bbox 2372 2114 2413 2177; x_wconf 85' lang='grc' dir='ltr'><strong>ἆ</strong></span> <span class='ocrx_word' id='word_1_170' title='bbox 2458 2115 2656 2194; x_wconf 76' lang='grc' dir='ltr'>βραχὺ</span> <span class='ocrx_word' id='word_1_171' title='bbox 2713 2115 2993 2193; x_wconf 89' lang='grc' dir='ltr'>λήγοντα</span> <span class='ocrx_word' id='word_1_172' title='bbox 3038 2108 3235 2194; x_wconf 86' lang='grc' dir='ltr'>παρα-</span> 
     </span>
     <span class='ocr_line' id='line_1_19' title="bbox 669 2210 3236 2293; baseline 0 -13"><span class='ocrx_word' id='word_1_173' title='bbox 669 2214 1161 2293; x_wconf 86' lang='grc' dir='ltr'>ςχηματιζόμενα</span> <span class='ocrx_word' id='word_1_174' title='bbox 1206 2210 1462 2277; x_wconf 86' lang='grc' dir='ltr'>ἐκτείνει</span> <span class='ocrx_word' id='word_1_175' title='bbox 1504 2211 1620 2288; x_wconf 87' lang='grc' dir='ltr'>τὴν</span> <span class='ocrx_word' id='word_1_176' title='bbox 1665 2212 2159 2290; x_wconf 89' lang='grc' dir='ltr'>παραλήγουςαν</span> <span class='ocrx_word' id='word_1_177' title='bbox 2204 2213 2387 2293; x_wconf 90' lang='grc' dir='ltr'>φύςει</span> <span class='ocrx_word' id='word_1_178' title='bbox 2432 2215 2470 2293; x_wconf 87' lang='grc' dir='ltr'>ἢ</span> <span class='ocrx_word' id='word_1_179' title='bbox 2516 2216 2696 2280; x_wconf 87' lang='grc' dir='ltr'>θέςει.</span> <span class='ocrx_word' id='word_1_180' title='bbox 2770 2218 2872 2282; x_wconf 87' lang='grc' dir='ltr'>καὶ</span> <span class='ocrx_word' id='word_1_181' title='bbox 2915 2216 3081 2281; x_wconf 83' lang='grc' dir='ltr'>ἐςτιν</span> <span class='ocrx_word' id='word_1_182' title='bbox 3128 2216 3236 2281; x_wconf 82' lang='grc' dir='ltr'>ὅτε</span> 
     </span>
     <span class='ocr_line' id='line_1_20' title="bbox 668 2312 3237 2400; baseline 0.001 -19"><span class='ocrx_word' id='word_1_183' title='bbox 668 2317 822 2397; x_wconf 87' lang='grc' dir='ltr'>μετὰ</span> <span class='ocrx_word' id='word_1_184' title='bbox 864 2317 981 2394; x_wconf 88' lang='grc' dir='ltr'>τὴν</span> <span class='ocrx_word' id='word_1_185' title='bbox 1027 2314 1323 2393; x_wconf 90' lang='grc' dir='ltr'>διαίρεςιν</span> <span class='ocrx_word' id='word_1_186' title='bbox 1368 2312 1610 2378; x_wconf 82' lang='grc' dir='ltr'>ἔκταςις</span> <span class='ocrx_word' id='word_1_187' title='bbox 1653 2312 1921 2396; x_wconf 90' lang='grc' dir='ltr'>γίνεται,</span> <span class='ocrx_word' id='word_1_188' title='bbox 1968 2313 2213 2395; x_wconf 79' lang='grc' dir='ltr'>ὀΐομαι,</span> <span class='ocrx_word' id='word_1_189' title='bbox 2261 2313 2479 2400; x_wconf 86' lang='grc' dir='ltr'>ὄϊγον,</span> <span class='ocrx_word' id='word_1_190' title='bbox 2525 2315 2671 2382; x_wconf 85' lang='grc' dir='ltr'>ὄϊδα</span> <span class='ocrx_word' id='word_1_191' title='bbox 2712 2318 2871 2397; x_wconf 76' lang='grc' dir='ltr'>παρ’</span> <span class='ocrx_word' id='word_1_192' title='bbox 2912 2317 3237 2383; x_wconf 89' lang='grc' dir='ltr'>Αἰολεῦςιν</span> 
     </span>
     <span class='ocr_line' id='line_1_21' title="bbox 567 2415 3239 2499; baseline 0.001 -17"><span class='ocrx_word' id='word_1_193' title='bbox 567 2433 634 2483; x_wconf 78' lang='lat'>20</span> <span class='ocrx_word' id='word_1_194' title='bbox 668 2418 797 2484; x_wconf 86' lang='grc' dir='ltr'>ἀπὸ</span> <span class='ocrx_word' id='word_1_195' title='bbox 842 2422 959 2483; x_wconf 91' lang='grc' dir='ltr'>τοῦ</span> <span class='ocrx_word' id='word_1_196' title='bbox 1005 2415 1170 2481; x_wconf 80' lang='grc' dir='ltr'>οἶδα.</span> <span class='ocrx_word' id='word_1_197' title='bbox 1225 2416 1261 2494; x_wconf 85' lang='grc' dir='ltr'>ἡ</span> <span class='ocrx_word' id='word_1_198' title='bbox 1307 2418 1519 2494; x_wconf 91' lang='grc' dir='ltr'>χρῆςις</span> <span class='ocrx_word' id='word_1_199' title='bbox 1564 2415 1635 2479; x_wconf 78' lang='grc' dir='ltr'>δὲ</span> <span class='ocrx_word' id='word_1_200' title='bbox 1678 2416 1793 2493; x_wconf 86' lang='grc' dir='ltr'>τὴν</span> <span class='ocrx_word' id='word_1_201' title='bbox 1837 2419 1891 2480; x_wconf 70' lang='grc' dir='ltr'>ἐἶ</span> <span class='ocrx_word' id='word_1_202' title='bbox 1936 2415 2293 2497; x_wconf 83' lang='grc' dir='ltr'>δίφθογγον</span> <span class='ocrx_word' id='word_1_203' title='bbox 2338 2417 2467 2496; x_wconf 83' lang='grc' dir='ltr'>ἔχει</span> <span class='ocrx_word' id='word_1_204' title='bbox 2512 2420 2676 2499; x_wconf 89' lang='grc' dir='ltr'>πρὸς</span> <span class='ocrx_word' id='word_1_205' title='bbox 2718 2420 2834 2490; x_wconf 87' lang='grc' dir='ltr'>τὸν</span> <span class='ocrx_word' id='word_1_206' title='bbox 2878 2424 3239 2499; x_wconf 88' lang='grc' dir='ltr'>χαρακτῆρα</span> 
     </span>
     <span class='ocr_line' id='line_1_22' title="bbox 666 2516 3235 2600; baseline 0.001 -16"><span class='ocrx_word' id='word_1_207' title='bbox 666 2525 797 2586; x_wconf 89' lang='grc' dir='ltr'>τῶν</span> <span class='ocrx_word' id='word_1_208' title='bbox 842 2519 947 2584; x_wconf 87' lang='grc' dir='ltr'>διὰ</span> <span class='ocrx_word' id='word_1_209' title='bbox 990 2523 1107 2584; x_wconf 90' lang='grc' dir='ltr'>τοῦ</span> <span class='ocrx_word' id='word_1_210' title='bbox 1149 2522 1314 2596; x_wconf 68' lang='grc' dir='ltr'>ἐι-ρ’ἇ.</span> <span class='ocrx_word' id='word_1_211' title='bbox 1402 2516 1656 2582; x_wconf 85' lang='grc' dir='ltr'>τούτοις</span> <span class='ocrx_word' id='word_1_212' title='bbox 1710 2519 1780 2581; x_wconf 82' lang='grc' dir='ltr'>δὲ</span> <span class='ocrx_word' id='word_1_213' title='bbox 1837 2517 2224 2599; x_wconf 84' lang='grc' dir='ltr'>ἠκολούθηςε</span> <span class='ocrx_word' id='word_1_214' title='bbox 2268 2520 2373 2584; x_wconf 84' lang='grc' dir='ltr'>καὶ</span> <span class='ocrx_word' id='word_1_215' title='bbox 2425 2521 2499 2586; x_wconf 89' lang='grc' dir='ltr'>τὸ</span> <span class='ocrx_word' id='word_1_216' title='bbox 2545 2521 2848 2599; x_wconf 91' lang='grc' dir='ltr'>πέπειρος</span> <span class='ocrx_word' id='word_1_217' title='bbox 2890 2521 3235 2600; x_wconf 89' lang='grc' dir='ltr'>πέπειρα.</span> 
     </span>
     <span class='ocr_line' id='line_1_23' title="bbox 834 2619 3236 2707; baseline 0 -21"><span class='ocrx_word' id='word_1_218' title='bbox 834 2621 929 2686; x_wconf 87' lang='grc' dir='ltr'>Τὰ</span> <span class='ocrx_word' id='word_1_219' title='bbox 973 2620 1061 2686; x_wconf 86' lang='grc' dir='ltr'>εἰς</span> <span class='ocrx_word' id='word_1_220' title='bbox 1089 2624 1176 2685; x_wconf 68' lang='grc' dir='ltr'>’ςῖι</span> <span class='ocrx_word' id='word_1_221' title='bbox 1220 2619 1724 2699; x_wconf 84' lang='grc' dir='ltr'>ὑπερδιςύλλαβα</span> <span class='ocrx_word' id='word_1_222' title='bbox 1767 2621 2388 2701; x_wconf 88' lang='grc' dir='ltr'>παρεςχηματιςμένα</span> <span class='ocrx_word' id='word_1_223' title='bbox 2430 2623 3013 2707; x_wconf 87' lang='grc' dir='ltr'>προπαροξύνεται,</span> <span class='ocrx_word' id='word_1_224' title='bbox 3058 2623 3112 2689; x_wconf 85' lang='grc' dir='ltr'>εἰ</span> <span class='ocrx_word' id='word_1_225' title='bbox 3156 2625 3236 2703; x_wconf 88' lang='grc' dir='ltr'>μὴ</span> 
     </span>
     <span class='ocr_line' id='line_1_24' title="bbox 667 2719 3235 2810; baseline 0.001 -20"><span class='ocrx_word' id='word_1_226' title='bbox 667 2724 824 2790; x_wconf 87' lang='grc' dir='ltr'>κατὰ</span> <span class='ocrx_word' id='word_1_227' title='bbox 869 2724 1264 2804; x_wconf 86' lang='grc' dir='ltr'>ςυναλοιφὴν</span> <span class='ocrx_word' id='word_1_228' title='bbox 1309 2720 1405 2801; x_wconf 88' lang='grc' dir='ltr'>εἴη</span> <span class='ocrx_word' id='word_1_229' title='bbox 1450 2719 1580 2787; x_wconf 87' lang='grc' dir='ltr'>ἀπὸ</span> <span class='ocrx_word' id='word_1_230' title='bbox 1613 2720 1939 2789; x_wconf 83' lang='grc' dir='ltr'>ὀξυτόνων</span> <span class='ocrx_word' id='word_1_231' title='bbox 1983 2721 2070 2789; x_wconf 89' lang='grc' dir='ltr'>εἰς</span> <span class='ocrx_word' id='word_1_232' title='bbox 2103 2728 2214 2807; x_wconf 59' lang='lat' dir='ltr'>‘ri—c,</span> <span class='ocrx_word' id='word_1_233' title='bbox 2260 2726 2740 2809; x_wconf 80' lang='grc' dir='ltr'>δαφνήεςςα,</span> <span class='ocrx_word' id='word_1_234' title='bbox 2786 2727 3235 2810; x_wconf 88' lang='grc' dir='ltr'>φωνήεςςα,</span> 
     </span>
     <span class='ocr_line' id='line_1_25' title="bbox 667 2824 3236 2909; baseline 0 -17"><span class='ocrx_word' id='word_1_235' title='bbox 667 2827 1064 2909; x_wconf 86' lang='grc' dir='ltr'>τιμήεςςα,</span> <span class='ocrx_word' id='word_1_236' title='bbox 1108 2826 1478 2907; x_wconf 84' lang='grc' dir='ltr'>ἑρῶεςςα,</span> <span class='ocrx_word' id='word_1_237' title='bbox 1534 2824 1923 2904; x_wconf 87' lang='grc' dir='ltr'>χαρίεςςα.</span> <span class='ocrx_word' id='word_1_238' title='bbox 2014 2826 2279 2906; x_wconf 88' lang='grc' dir='ltr'>Μάγνης</span> <span class='ocrx_word' id='word_1_239' title='bbox 2325 2827 2742 2906; x_wconf 89' lang='grc' dir='ltr'>Μάγνηςςα</span> <span class='ocrx_word' id='word_1_240' title='bbox 2796 2829 2970 2907; x_wconf 86' lang='grc' dir='ltr'>παρὰ</span> <span class='ocrx_word' id='word_1_241' title='bbox 3017 2830 3236 2894; x_wconf 90' lang='grc' dir='ltr'>Καλλι-</span> 
     </span>
     <span class='ocr_line' id='line_1_26' title="bbox 567 2926 3239 3013; baseline -0.001 -15"><span class='ocrx_word' id='word_1_242' title='bbox 567 2947 631 2998; x_wconf 74' lang='lat'>25</span> <span class='ocrx_word' id='word_1_243' title='bbox 668 2929 880 3013; x_wconf 86' lang='grc' dir='ltr'>μάχῳ,</span> <span class='ocrx_word' id='word_1_244' title='bbox 939 2927 1230 3007; x_wconf 86' lang='grc' dir='ltr'>Μακέτης</span> <span class='ocrx_word' id='word_1_245' title='bbox 1287 2926 1642 2999; x_wconf 84' lang='grc' dir='ltr'>Μάκεςςα</span> <span class='ocrx_word' id='word_1_246' title='bbox 1697 2927 2091 3012; x_wconf 83' lang='grc' dir='ltr'>ἐπιθετικῶς,</span> <span class='ocrx_word' id='word_1_247' title='bbox 2148 2929 2239 2994; x_wconf 84' lang='grc' dir='ltr'>ὡς</span> <span class='ocrx_word' id='word_1_248' title='bbox 2295 2928 2729 3013; x_wconf 87' lang='grc' dir='ltr'>Ἡρακλείδης,</span> <span class='ocrx_word' id='word_1_249' title='bbox 2786 2932 2888 2996; x_wconf 85' lang='grc' dir='ltr'>καὶ</span> <span class='ocrx_word' id='word_1_250' title='bbox 2943 2931 3239 3008; x_wconf 85' lang='grc' dir='ltr'>Μάκεττα</span> 
     </span>
     <span class='ocr_line' id='line_1_27' title="bbox 669 3029 3238 3110; baseline 0.001 -14"><span class='ocrx_word' id='word_1_251' title='bbox 669 3032 773 3097; x_wconf 88' lang='grc' dir='ltr'>διὰ</span> <span class='ocrx_word' id='word_1_252' title='bbox 816 3030 935 3097; x_wconf 91' lang='grc' dir='ltr'>δύο</span> <span class='ocrx_word' id='word_1_253' title='bbox 966 3032 1049 3096; x_wconf 58' lang='grc' dir='ltr'><strong>Ἡ</strong></span> <span class='ocrx_word' id='word_1_254' title='bbox 1092 3032 1194 3095; x_wconf 85' lang='grc' dir='ltr'>καὶ</span> <span class='ocrx_word' id='word_1_255' title='bbox 1236 3029 1325 3095; x_wconf 77' lang='grc' dir='ltr'>δι’</span> <span class='ocrx_word' id='word_1_256' title='bbox 1355 3030 1502 3097; x_wconf 86' lang='grc' dir='ltr'>ἑνὸς</span> <span class='ocrx_word' id='word_1_257' title='bbox 1531 3033 1581 3094; x_wconf 64' lang='grc' dir='ltr'>’ῖπ</span> <span class='ocrx_word' id='word_1_258' title='bbox 1627 3031 1702 3096; x_wconf 90' lang='grc' dir='ltr'>τὸ</span> <span class='ocrx_word' id='word_1_259' title='bbox 1748 3032 1819 3096; x_wconf 76' lang='grc' dir='ltr'>δὲ</span> <span class='ocrx_word' id='word_1_260' title='bbox 1863 3035 2246 3109; x_wconf 89' lang='grc' dir='ltr'>τεχνῆςςα</span> <span class='ocrx_word' id='word_1_261' title='bbox 2290 3029 2421 3096; x_wconf 90' lang='grc' dir='ltr'>άπὸ</span> <span class='ocrx_word' id='word_1_262' title='bbox 2466 3035 2582 3096; x_wconf 89' lang='grc' dir='ltr'>τοῦ</span> <span class='ocrx_word' id='word_1_263' title='bbox 2613 3033 2964 3110; x_wconf 88' lang='grc' dir='ltr'>τεχνήεςςα.</span> <span class='ocrx_word' id='word_1_264' title='bbox 3029 3034 3131 3097; x_wconf 85' lang='grc' dir='ltr'>καὶ</span> <span class='ocrx_word' id='word_1_265' title='bbox 3158 3033 3238 3098; x_wconf 89' lang='grc' dir='ltr'>τὰ</span> 
     </span>
     <span class='ocr_line' id='line_1_28' title="bbox 668 3131 3236 3217; baseline 0.001 -20"><span class='ocrx_word' id='word_1_266' title='bbox 668 3132 801 3199; x_wconf 85' lang='grc' dir='ltr'>ἀπὸ</span> <span class='ocrx_word' id='word_1_267' title='bbox 844 3131 1171 3201; x_wconf 89' lang='grc' dir='ltr'>ὀξυτόνων</span> <span class='ocrx_word' id='word_1_268' title='bbox 1216 3135 1318 3199; x_wconf 85' lang='grc' dir='ltr'>καὶ</span> <span class='ocrx_word' id='word_1_269' title='bbox 1346 3135 1844 3214; x_wconf 89' lang='grc' dir='ltr'>περιςπωμένων</span> <span class='ocrx_word' id='word_1_270' title='bbox 1888 3134 1978 3201; x_wconf 85' lang='grc' dir='ltr'>εἰς</span> <span class='ocrx_word' id='word_1_271' title='bbox 2005 3135 2108 3215; x_wconf 56' lang='grc' dir='ltr'>ᾗ,</span> <span class='ocrx_word' id='word_1_272' title='bbox 2154 3134 2383 3214; x_wconf 88' lang='grc' dir='ltr'>χερνής</span> <span class='ocrx_word' id='word_1_273' title='bbox 2413 3137 2823 3217; x_wconf 89' lang='grc' dir='ltr'>χερνῆςςα,</span> <span class='ocrx_word' id='word_1_274' title='bbox 2866 3133 3065 3213; x_wconf 86' lang='grc' dir='ltr'>ἀργῆς</span> <span class='ocrx_word' id='word_1_275' title='bbox 3105 3134 3236 3214; x_wconf 86' lang='grc' dir='ltr'>ἀρ-</span> 
     </span>
     <span class='ocr_line' id='line_1_29' title="bbox 668 3234 3237 3322; baseline 0.001 -22"><span class='ocrx_word' id='word_1_276' title='bbox 668 3237 907 3313; x_wconf 89' lang='grc' dir='ltr'>γῆςςα</span> <span class='ocrx_word' id='word_1_277' title='bbox 949 3237 1053 3300; x_wconf 87' lang='grc' dir='ltr'>καὶ</span> <span class='ocrx_word' id='word_1_278' title='bbox 1085 3235 1247 3315; x_wconf 86' lang='grc' dir='ltr'>Κρής</span> <span class='ocrx_word' id='word_1_279' title='bbox 1280 3235 1516 3315; x_wconf 88' lang='grc' dir='ltr'>Κρητός</span> <span class='ocrx_word' id='word_1_280' title='bbox 1550 3237 1868 3319; x_wconf 90' lang='grc' dir='ltr'>Κρῆςςα,</span> <span class='ocrx_word' id='word_1_281' title='bbox 1915 3237 2026 3315; x_wconf 90' lang='grc' dir='ltr'>θής</span> <span class='ocrx_word' id='word_1_282' title='bbox 2071 3239 2318 3313; x_wconf 92' lang='grc' dir='ltr'>θῆςςα.</span> <span class='ocrx_word' id='word_1_283' title='bbox 2372 3234 2544 3299; x_wconf 86' lang='grc' dir='ltr'>οὕτω</span> <span class='ocrx_word' id='word_1_284' title='bbox 2588 3237 2691 3301; x_wconf 92' lang='grc' dir='ltr'>καὶ</span> <span class='ocrx_word' id='word_1_285' title='bbox 2720 3235 2889 3320; x_wconf 80' lang='grc' dir='ltr'>Θρᾷξ</span> <span class='ocrx_word' id='word_1_286' title='bbox 2935 3236 3237 3322; x_wconf 83' lang='grc' dir='ltr'>Θρᾷςςα</span> 
     </span>
     <span class='ocr_line' id='line_1_30' title="bbox 668 3335 3235 3422; baseline 0.002 -22"><span class='ocrx_word' id='word_1_287' title='bbox 668 3337 771 3401; x_wconf 84' lang='grc' dir='ltr'>καὶ</span> <span class='ocrx_word' id='word_1_288' title='bbox 813 3335 1064 3422; x_wconf 83' lang='grc' dir='ltr'>Θρᾷττα</span> <span class='ocrx_word' id='word_1_289' title='bbox 1102 3336 1392 3405; x_wconf 84' lang='grc' dir='ltr'>Ἀττικῶς</span> <span class='ocrx_word' id='word_1_290' title='bbox 1433 3340 1537 3405; x_wconf 85' lang='grc' dir='ltr'>καὶ</span> <span class='ocrx_word' id='word_1_291' title='bbox 1568 3338 1699 3405; x_wconf 86' lang='grc' dir='ltr'>ἀπὸ</span> <span class='ocrx_word' id='word_1_292' title='bbox 1731 3338 1980 3420; x_wconf 85' lang='grc' dir='ltr'>Θρᾴκης</span> <span class='ocrx_word' id='word_1_293' title='bbox 2009 3337 2210 3417; x_wconf 88' lang='grc' dir='ltr'>δούλη</span> <span class='ocrx_word' id='word_1_294' title='bbox 2254 3336 2357 3401; x_wconf 87' lang='grc' dir='ltr'>καὶ</span> <span class='ocrx_word' id='word_1_295' title='bbox 2386 3335 2559 3401; x_wconf 85' lang='grc' dir='ltr'>εἶδος</span> <span class='ocrx_word' id='word_1_296' title='bbox 2595 3336 2810 3416; x_wconf 87' lang='grc' dir='ltr'>ἰχθύος</span> <span class='ocrx_word' id='word_1_297' title='bbox 2838 3339 2941 3403; x_wconf 91' lang='grc' dir='ltr'>καὶ</span> <span class='ocrx_word' id='word_1_298' title='bbox 2984 3338 3235 3422; x_wconf 72' lang='grc' dir='ltr'>ὀρνέου,</span> 
     </span>
     <span class='ocr_line' id='line_1_31' title="bbox 568 3437 3236 3522; baseline 0 -17"><span class='ocrx_word' id='word_1_299' title='bbox 568 3452 634 3505; x_wconf 82' lang='lat'>30</span> <span class='ocrx_word' id='word_1_300' title='bbox 835 3437 931 3503; x_wconf 90' lang='grc' dir='ltr'>Τὰ</span> <span class='ocrx_word' id='word_1_301' title='bbox 973 3438 1061 3504; x_wconf 87' lang='grc' dir='ltr'>εἰς</span> <span class='ocrx_word' id='word_1_302' title='bbox 1104 3441 1145 3503; x_wconf 82' lang='grc' dir='ltr'><strong>ἆ</strong></span> <span class='ocrx_word' id='word_1_303' title='bbox 1207 3437 1405 3518; x_wconf 86' lang='grc' dir='ltr'>βραχὺ</span> <span class='ocrx_word' id='word_1_304' title='bbox 1460 3437 2054 3518; x_wconf 86' lang='grc' dir='ltr'>ἀπαραςχημάτιςτα</span> <span class='ocrx_word' id='word_1_305' title='bbox 2106 3439 2210 3504; x_wconf 89' lang='grc' dir='ltr'>διὰ</span> <span class='ocrx_word' id='word_1_306' title='bbox 2254 3441 2486 3504; x_wconf 86' lang='grc' dir='ltr'>διπλοῦ</span> <span class='ocrx_word' id='word_1_307' title='bbox 2543 3439 2970 3522; x_wconf 84' lang='grc' dir='ltr'>ἐκφερόμενα,</span> <span class='ocrx_word' id='word_1_308' title='bbox 3024 3440 3079 3505; x_wconf 90' lang='grc' dir='ltr'>εἰ</span> <span class='ocrx_word' id='word_1_309' title='bbox 3122 3441 3236 3521; x_wconf 79' lang='grc' dir='ltr'>μὲν</span> 
     </span>
     <span class='ocr_line' id='line_1_32' title="bbox 669 3539 3235 3638; baseline 0.001 -35"><span class='ocrx_word' id='word_1_310' title='bbox 669 3539 1009 3620; x_wconf 88' lang='grc' dir='ltr'>διςύλλαβα</span> <span class='ocrx_word' id='word_1_311' title='bbox 1061 3539 1157 3638; x_wconf 80' lang='grc' dir='ltr'>εἴη</span> <span class='ocrx_word' id='word_1_312' title='bbox 1210 3542 1313 3606; x_wconf 88' lang='grc' dir='ltr'>καὶ</span> <span class='ocrx_word' id='word_1_313' title='bbox 1367 3545 1570 3625; x_wconf 85' lang='grc' dir='ltr'>μακρᾷ</span> <span class='ocrx_word' id='word_1_314' title='bbox 1613 3540 1995 3623; x_wconf 88' lang='grc' dir='ltr'>παραλήγει,</span> <span class='ocrx_word' id='word_1_315' title='bbox 2051 3543 2585 3623; x_wconf 87' lang='grc' dir='ltr'>προπεριςπᾶται,</span> <span class='ocrx_word' id='word_1_316' title='bbox 2642 3544 2838 3621; x_wconf 84' lang='grc' dir='ltr'>μᾶζα</span> <span class='ocrx_word' id='word_1_317' title='bbox 2882 3541 3083 3621; x_wconf 90' lang='grc' dir='ltr'>μόνον</span> <span class='ocrx_word' id='word_1_318' title='bbox 3138 3541 3235 3606; x_wconf 84' lang='grc' dir='ltr'>ἐκ-</span> 
     </span>
     <span class='ocr_line' id='line_1_33' title="bbox 668 3641 3235 3728; baseline 0.001 -23"><span class='ocrx_word' id='word_1_319' title='bbox 668 3643 883 3706; x_wconf 87' lang='grc' dir='ltr'>τεῑνον</span> <span class='ocrx_word' id='word_1_320' title='bbox 927 3642 1002 3707; x_wconf 90' lang='grc' dir='ltr'>τὸ</span> <span class='ocrx_word' id='word_1_321' title='bbox 1048 3642 1174 3720; x_wconf 87' lang='grc' dir='ltr'>πρὸ</span> <span class='ocrx_word' id='word_1_322' title='bbox 1221 3647 1453 3709; x_wconf 84' lang='grc' dir='ltr'>διπλοῦ</span> <span class='ocrx_word' id='word_1_323' title='bbox 1495 3645 1568 3728; x_wconf 77' lang='grc' dir='ltr'>ἃ,</span> <span class='ocrx_word' id='word_1_324' title='bbox 1623 3647 1876 3725; x_wconf 84' lang='grc' dir='ltr'>ψῶζα,</span> <span class='ocrx_word' id='word_1_325' title='bbox 1934 3641 1988 3708; x_wconf 91' lang='grc' dir='ltr'>εἰ</span> <span class='ocrx_word' id='word_1_326' title='bbox 2033 3644 2104 3707; x_wconf 80' lang='grc' dir='ltr'>δὲ</span> <span class='ocrx_word' id='word_1_327' title='bbox 2149 3641 2407 3726; x_wconf 85' lang='grc' dir='ltr'>βραχείᾳ</span> <span class='ocrx_word' id='word_1_328' title='bbox 2449 3643 2835 3726; x_wconf 89' lang='grc' dir='ltr'>παραλήγει,</span> <span class='ocrx_word' id='word_1_329' title='bbox 2887 3644 3235 3722; x_wconf 86' lang='grc' dir='ltr'>παροξύνε-</span> 
     </span>
    </p>
   </div>
   <div class='ocr_carea' id='block_1_3' title="bbox 668 3779 1069 3789">
    <p class='ocr_par' dir='ltr' id='par_1_3' title="bbox 668 3779 1069 3789">
     <span class='ocr_line' id='line_1_34' title="bbox 668 3779 1069 3789; baseline 0 1757"><span class='ocrx_word' id='word_1_330' title='bbox 668 3779 1069 3789; x_wconf 95' lang='lat' dir='ltr'> </span> 
     </span>
    </p>
   </div>
   <div class='ocr_carea' id='block_1_4' title="bbox 668 3862 3238 4887">
    <p class='ocr_par' dir='ltr' id='par_1_4' title="bbox 669 3862 3238 3930">
     <span class='ocr_line' id='line_1_35' title="bbox 669 3862 3238 3930; baseline 0 -16"><span class='ocrx_word' id='word_1_331' title='bbox 669 3863 897 3929; x_wconf 83' lang='grc' dir='ltr'>θηλυκῷ</span> <span class='ocrx_word' id='word_1_332' title='bbox 934 3862 1247 3917; x_wconf 82' lang='grc' dir='ltr'>ἀνεδέξατο.</span> <span class='ocrx_word' id='word_1_333' title='bbox 1283 3894 1348 3902; x_wconf 92' lang='grc'>-</span> <span class='ocrx_word' id='word_1_334' title='bbox 1383 3867 1847 3918; x_wconf 78' lang='lat' dir='ltr'><strong>Adnotameutum</strong></span> <span class='ocrx_word' id='word_1_335' title='bbox 1882 3867 1948 3916; x_wconf 86' lang='lat' dir='ltr'>de</span> <span class='ocrx_word' id='word_1_336' title='bbox 1985 3862 2204 3926; x_wconf 87' lang='grc' dir='ltr'>θαμειαί</span> <span class='ocrx_word' id='word_1_337' title='bbox 2239 3867 2416 3930; x_wconf 82' lang='lat' dir='ltr'><strong>reeepi</strong></span> <span class='ocrx_word' id='word_1_338' title='bbox 2452 3881 2519 3916; x_wconf 86' lang='lat' dir='ltr'>ex</span> <span class='ocrx_word' id='word_1_339' title='bbox 2553 3864 2616 3914; x_wconf 88' lang='lat'>11.</span> <span class='ocrx_word' id='word_1_340' title='bbox 2639 3865 2731 3919; x_wconf 87' lang='lat' dir='ltr'>Pr.</span> <span class='ocrx_word' id='word_1_341' title='bbox 2758 3863 2800 3916; x_wconf 89' lang='grc' dir='ltr'>Α</span> <span class='ocrx_word' id='word_1_342' title='bbox 2826 3867 2892 3915; x_wconf 79' lang='grc'>52</span> <span class='ocrx_word' id='word_1_343' title='bbox 2929 3864 3055 3915; x_wconf 82' lang='lat' dir='ltr'><strong>coll.</strong></span> <span class='ocrx_word' id='word_1_344' title='bbox 3084 3863 3238 3916; x_wconf 79' lang='grc'>1355.</span> 
     </span>
    </p>

    <p class='ocr_par' dir='ltr' id='par_1_5' title="bbox 668 3930 3237 4887">
     <span class='ocr_line' id='line_1_36' title="bbox 804 3930 3236 4000; baseline 0.001 -18"><span class='ocrx_word' id='word_1_345' title='bbox 804 3931 839 3983; x_wconf 90' lang='lat'>1.</span> <span class='ocrx_word' id='word_1_346' title='bbox 879 3936 913 3983; x_wconf 82' lang='lat'>4</span> <span class='ocrx_word' id='word_1_347' title='bbox 948 3931 1222 3986; x_wconf 85' lang='grc' dir='ltr'>Μελαιναί</span> <span class='ocrx_word' id='word_1_348' title='bbox 1258 3937 1440 4000; x_wconf 83' lang='lat' dir='ltr'><strong>recepi</strong></span> <span class='ocrx_word' id='word_1_349' title='bbox 1475 3951 1543 3985; x_wconf 82' lang='lat' dir='ltr'>ex</span> <span class='ocrx_word' id='word_1_350' title='bbox 1580 3935 1660 3986; x_wconf 81' lang='lat' dir='ltr'>St.</span> <span class='ocrx_word' id='word_1_351' title='bbox 1696 3936 1780 3997; x_wconf 64' lang='lat'>13„</span> <span class='ocrx_word' id='word_1_352' title='bbox 1816 3932 2152 3999; x_wconf 86' lang='grc' dir='ltr'>θεράπαινα,</span> <span class='ocrx_word' id='word_1_353' title='bbox 2190 3930 2384 3984; x_wconf 85' lang='grc' dir='ltr'>θέαινα</span> <span class='ocrx_word' id='word_1_354' title='bbox 2420 3949 2488 3986; x_wconf 84' lang='lat' dir='ltr'>ex</span> <span class='ocrx_word' id='word_1_355' title='bbox 2523 3932 2767 3995; x_wconf 66' lang='lat' dir='ltr'><strong>Theooen.</strong></span> <span class='ocrx_word' id='word_1_356' title='bbox 2794 3935 2877 3994; x_wconf 89' lang='grc'>99,</span> <span class='ocrx_word' id='word_1_357' title='bbox 2917 3934 3006 3994; x_wconf 80' lang='lat'>1⁷3</span> <span class='ocrx_word' id='word_1_358' title='bbox 3045 3931 3236 3984; x_wconf 84' lang='grc' dir='ltr'>λέαινα</span> 
     </span>
     <span class='ocr_line' id='line_1_37' title="bbox 668 3999 3234 4069; baseline 0.002 -20"><span class='ocrx_word' id='word_1_359' title='bbox 668 4015 734 4049; x_wconf 79' lang='lat' dir='ltr'>ex</span> <span class='ocrx_word' id='word_1_360' title='bbox 768 4016 976 4052; x_wconf 80' lang='lat' dir='ltr'><strong>canone</strong></span> <span class='ocrx_word' id='word_1_361' title='bbox 1015 4003 1430 4069; x_wconf 80' lang='lat' dir='ltr'><strong>orthographico</strong></span> <span class='ocrx_word' id='word_1_362' title='bbox 1465 4004 1525 4053; x_wconf 89' lang='lat' dir='ltr'>in</span> <span class='ocrx_word' id='word_1_363' title='bbox 1558 4004 1658 4053; x_wconf 87' lang='lat' dir='ltr'>An.</span> <span class='ocrx_word' id='word_1_364' title='bbox 1698 4002 1798 4053; x_wconf 82' lang='lat' dir='ltr'>Ox.</span> <span class='ocrx_word' id='word_1_365' title='bbox 1836 4002 1892 4053; x_wconf 90' lang='lat'>11</span> <span class='ocrx_word' id='word_1_366' title='bbox 1926 4005 2041 4065; x_wconf 78' lang='lat'><strong>325,</strong></span> <span class='ocrx_word' id='word_1_367' title='bbox 2079 4003 2164 4054; x_wconf 79' lang='lat'>24.</span> <span class='ocrx_word' id='word_1_368' title='bbox 2300 4001 2335 4055; x_wconf 89' lang='lat'>1.</span> <span class='ocrx_word' id='word_1_369' title='bbox 2374 4004 2436 4052; x_wconf 88' lang='grc'>12</span> <span class='ocrx_word' id='word_1_370' title='bbox 2474 3999 2636 4052; x_wconf 88' lang='grc' dir='ltr'>πόλις</span> <span class='ocrx_word' id='word_1_371' title='bbox 2672 3999 2850 4053; x_wconf 77' lang='grc' dir='ltr'>Εώτει</span> <span class='ocrx_word' id='word_1_372' title='bbox 2958 4016 3026 4050; x_wconf 81' lang='lat' dir='ltr'>ex</span> <span class='ocrx_word' id='word_1_373' title='bbox 3064 4001 3145 4053; x_wconf 80' lang='lat' dir='ltr'>St.</span> <span class='ocrx_word' id='word_1_374' title='bbox 3173 4003 3234 4054; x_wconf 93' lang='grc' dir='ltr'>Β.</span> 
     </span>
     <span class='ocr_line' id='line_1_38' title="bbox 669 4067 3234 4137; baseline 0.001 -20"><span class='ocrx_word' id='word_1_375' title='bbox 669 4074 889 4134; x_wconf 76' lang='lat' dir='ltr'><strong>recepta</strong></span> <span class='ocrx_word' id='word_1_376' title='bbox 925 4075 1035 4132; x_wconf 66' lang='grc' dir='ltr'>θείς</span> <span class='ocrx_word' id='word_1_377' title='bbox 1074 4068 1363 4136; x_wconf 83' lang='grc' dir='ltr'>πρέςβειρα</span> <span class='ocrx_word' id='word_1_378' title='bbox 1399 4072 1637 4122; x_wconf 79' lang='lat' dir='ltr'><strong>accessit</strong></span> <span class='ocrx_word' id='word_1_379' title='bbox 1674 4086 1740 4120; x_wconf 82' lang='lat' dir='ltr'>ex</span> <span class='ocrx_word' id='word_1_380' title='bbox 1774 4071 2020 4137; x_wconf 86' lang='lat' dir='ltr'><strong>Theogn.</strong></span> <span class='ocrx_word' id='word_1_381' title='bbox 2061 4072 2183 4132; x_wconf 86' lang='lat'>101,</span> <span class='ocrx_word' id='word_1_382' title='bbox 2219 4071 2313 4132; x_wconf 85' lang='grc'>26,</span> <span class='ocrx_word' id='word_1_383' title='bbox 2361 4068 2584 4133; x_wconf 89' lang='grc' dir='ltr'>δότειρα</span> <span class='ocrx_word' id='word_1_384' title='bbox 2619 4097 2684 4104; x_wconf 90' lang='grc'>-</span> <span class='ocrx_word' id='word_1_385' title='bbox 2721 4067 2831 4120; x_wconf 82' lang='grc' dir='ltr'>εὐπ</span> <span class='ocrx_word' id='word_1_386' title='bbox 2869 4081 3025 4133; x_wconf 88' lang='grc' dir='ltr'>τειρα</span> <span class='ocrx_word' id='word_1_387' title='bbox 3070 4085 3138 4119; x_wconf 79' lang='lat' dir='ltr'>ex</span> <span class='ocrx_word' id='word_1_388' title='bbox 3174 4070 3234 4120; x_wconf 87' lang='lat' dir='ltr'>E.</span> 
     </span>
     <span class='ocr_line' id='line_1_39' title="bbox 669 4134 3232 4204; baseline 0.001 -19"><span class='ocrx_word' id='word_1_389' title='bbox 669 4136 742 4186; x_wconf 86' lang='lat' dir='ltr'>M.</span> <span class='ocrx_word' id='word_1_390' title='bbox 776 4138 891 4195; x_wconf 80' lang='lat'>318,</span> <span class='ocrx_word' id='word_1_391' title='bbox 928 4141 1020 4200; x_wconf 77' lang='lat'>503</span> <span class='ocrx_word' id='word_1_392' title='bbox 1058 4135 1375 4204; x_wconf 84' lang='grc' dir='ltr'>ἀντιάνειρα</span> <span class='ocrx_word' id='word_1_393' title='bbox 1409 4166 1476 4174; x_wconf 91' lang='grc'><strong>-</strong></span> <span class='ocrx_word' id='word_1_394' title='bbox 1512 4136 1805 4203; x_wconf 88' lang='grc' dir='ltr'>κτεάνειρα</span> <span class='ocrx_word' id='word_1_395' title='bbox 1843 4155 1909 4189; x_wconf 82' lang='lat' dir='ltr'>ex</span> <span class='ocrx_word' id='word_1_396' title='bbox 1945 4138 2189 4204; x_wconf 81' lang='lat' dir='ltr'><strong>Theogn.</strong></span> <span class='ocrx_word' id='word_1_397' title='bbox 2224 4140 2310 4201; x_wconf 88' lang='grc'>99,</span> <span class='ocrx_word' id='word_1_398' title='bbox 2346 4140 2439 4199; x_wconf 75' lang='grc' dir='ltr'>29ς</span> <span class='ocrx_word' id='word_1_399' title='bbox 2481 4135 2679 4202; x_wconf 88' lang='grc' dir='ltr'>Κάειρα</span> <span class='ocrx_word' id='word_1_400' title='bbox 2716 4153 2783 4187; x_wconf 86' lang='lat' dir='ltr'>ex</span> <span class='ocrx_word' id='word_1_401' title='bbox 2821 4137 2901 4188; x_wconf 79' lang='lat' dir='ltr'>St.</span> <span class='ocrx_word' id='word_1_402' title='bbox 2937 4137 3001 4189; x_wconf 84' lang='lat' dir='ltr'>B.</span> <span class='ocrx_word' id='word_1_403' title='bbox 3039 4134 3232 4201; x_wconf 70' lang='grc' dir='ltr'>Καρίας</span> 
     </span>
     <span class='ocr_line' id='line_1_40' title="bbox 668 4202 3236 4272; baseline 0 -17"><span class='ocrx_word' id='word_1_404' title='bbox 668 4202 738 4255; x_wconf 87' lang='grc' dir='ltr'>τὸ</span> <span class='ocrx_word' id='word_1_405' title='bbox 774 4204 1023 4270; x_wconf 87' lang='grc' dir='ltr'>θηλυκὸν</span> <span class='ocrx_word' id='word_1_406' title='bbox 1060 4206 1187 4272; x_wconf 89' lang='grc' dir='ltr'>(τοῦ</span> <span class='ocrx_word' id='word_1_407' title='bbox 1229 4205 1338 4271; x_wconf 89' lang='grc' dir='ltr'>Κάρ</span> <span class='ocrx_word' id='word_1_408' title='bbox 1377 4205 1477 4271; x_wconf 80' lang='lat' dir='ltr'><strong>so.)</strong></span> <span class='ocrx_word' id='word_1_409' title='bbox 1515 4206 1657 4259; x_wconf 85' lang='grc' dir='ltr'>κατὰ</span> <span class='ocrx_word' id='word_1_410' title='bbox 1692 4205 1900 4272; x_wconf 84' lang='grc' dir='ltr'>τέχνην</span> <span class='ocrx_word' id='word_1_411' title='bbox 1939 4204 2107 4271; x_wconf 86' lang='grc' dir='ltr'>Καῖρα</span> <span class='ocrx_word' id='word_1_412' title='bbox 2143 4205 2233 4257; x_wconf 87' lang='grc' dir='ltr'>καί</span> <span class='ocrx_word' id='word_1_413' title='bbox 2270 4203 2332 4256; x_wconf 85' lang='grc' dir='ltr'>ἐν</span> <span class='ocrx_word' id='word_1_414' title='bbox 2368 4204 2607 4257; x_wconf 88' lang='grc' dir='ltr'>διαλύςει</span> <span class='ocrx_word' id='word_1_415' title='bbox 2645 4203 2841 4269; x_wconf 83' lang='grc' dir='ltr'>Κάῑρα,</span> <span class='ocrx_word' id='word_1_416' title='bbox 2879 4202 2915 4266; x_wconf 89' lang='grc' dir='ltr'>ή</span> <span class='ocrx_word' id='word_1_417' title='bbox 2953 4206 3141 4270; x_wconf 88' lang='grc' dir='ltr'>χρῆςις</span> <span class='ocrx_word' id='word_1_418' title='bbox 3176 4204 3236 4256; x_wconf 84' lang='grc' dir='ltr'>δὲ</span> 
     </span>
     <span class='ocr_line' id='line_1_41' title="bbox 668 4269 3235 4340; baseline -0 -16"><span class='ocrx_word' id='word_1_419' title='bbox 668 4271 777 4336; x_wconf 90' lang='grc' dir='ltr'>τὴν</span> <span class='ocrx_word' id='word_1_420' title='bbox 813 4277 861 4326; x_wconf 81' lang='grc' dir='ltr'>ἐι</span> <span class='ocrx_word' id='word_1_421' title='bbox 895 4271 1202 4338; x_wconf 80' lang='grc' dir='ltr'>δίφθογγον</span> <span class='ocrx_word' id='word_1_422' title='bbox 1239 4274 1366 4339; x_wconf 83' lang='grc' dir='ltr'>ἔχει.</span> <span class='ocrx_word' id='word_1_423' title='bbox 1403 4302 1469 4311; x_wconf 87' lang='grc'>-</span> <span class='ocrx_word' id='word_1_424' title='bbox 1505 4274 1846 4340; x_wconf 87' lang='grc' dir='ltr'>Ἡρωδιανὸς</span> <span class='ocrx_word' id='word_1_425' title='bbox 1883 4272 1945 4325; x_wconf 84' lang='grc' dir='ltr'>ἐν</span> <span class='ocrx_word' id='word_1_426' title='bbox 1982 4273 2083 4337; x_wconf 83' lang='grc' dir='ltr'>μὲν</span> <span class='ocrx_word' id='word_1_427' title='bbox 2119 4277 2189 4339; x_wconf 82' lang='grc' dir='ltr'>τῇ</span> <span class='ocrx_word' id='word_1_428' title='bbox 2227 4270 2577 4340; x_wconf 84' lang='grc' dir='ltr'>ὀρθογραφίᾳ</span> <span class='ocrx_word' id='word_1_429' title='bbox 2610 4269 2931 4336; x_wconf 82' lang='grc' dir='ltr'>ἀμφιβολεῑ,</span> <span class='ocrx_word' id='word_1_430' title='bbox 2971 4270 3034 4324; x_wconf 85' lang='grc' dir='ltr'>ἑν</span> <span class='ocrx_word' id='word_1_431' title='bbox 3069 4271 3137 4324; x_wconf 80' lang='grc' dir='ltr'>δὲ·</span> <span class='ocrx_word' id='word_1_432' title='bbox 3164 4276 3235 4339; x_wconf 82' lang='grc' dir='ltr'>τῇ</span> 
     </span>
     <span class='ocr_line' id='line_1_42' title="bbox 670 4339 3237 4409; baseline -0 -17"><span class='ocrx_word' id='word_1_433' title='bbox 670 4339 914 4395; x_wconf 90' lang='grc' dir='ltr'>καθόλου</span> <span class='ocrx_word' id='word_1_434' title='bbox 949 4341 1135 4408; x_wconf 84' lang='grc' dir='ltr'>χρήςει</span> <span class='ocrx_word' id='word_1_435' title='bbox 1171 4343 1447 4407; x_wconf 81' lang='grc' dir='ltr'>ἑπόμενος</span> <span class='ocrx_word' id='word_1_436' title='bbox 1470 4343 1559 4396; x_wconf 87' lang='grc' dir='ltr'>διὰ</span> <span class='ocrx_word' id='word_1_437' title='bbox 1582 4343 1891 4405; x_wconf 86' lang='grc' dir='ltr'>διφθόγ-γου</span> <span class='ocrx_word' id='word_1_438' title='bbox 1927 4340 2061 4409; x_wconf 90' lang='grc' dir='ltr'>φηςί</span> <span class='ocrx_word' id='word_1_439' title='bbox 2095 4343 2213 4394; x_wconf 87' lang='grc' dir='ltr'>κτλ.</span> <span class='ocrx_word' id='word_1_440' title='bbox 2259 4343 2443 4395; x_wconf 78' lang='lat' dir='ltr'><strong>Verba</strong></span> <span class='ocrx_word' id='word_1_441' title='bbox 2479 4339 2620 4405; x_wconf 89' lang='grc' dir='ltr'>πρὸς</span> <span class='ocrx_word' id='word_1_442' title='bbox 2643 4339 2748 4392; x_wconf 89' lang='grc' dir='ltr'>τὸν</span> <span class='ocrx_word' id='word_1_443' title='bbox 2771 4342 3091 4406; x_wconf 87' lang='grc' dir='ltr'>χαρακτῆρα</span> <span class='ocrx_word' id='word_1_444' title='bbox 3115 4342 3237 4392; x_wconf 89' lang='grc' dir='ltr'>τῶν</span> 
     </span>
     <span class='ocr_line' id='line_1_43' title="bbox 668 4408 3234 4476; baseline 0.002 -16"><span class='ocrx_word' id='word_1_445' title='bbox 668 4408 757 4461; x_wconf 82' lang='grc' dir='ltr'>διὰ</span> <span class='ocrx_word' id='word_1_446' title='bbox 790 4413 895 4463; x_wconf 85' lang='grc' dir='ltr'>τοῦ</span> <span class='ocrx_word' id='word_1_447' title='bbox 933 4415 1051 4476; x_wconf 77' lang='grc' dir='ltr'>ἐιρα</span> <span class='ocrx_word' id='word_1_448' title='bbox 1087 4420 1214 4464; x_wconf 79' lang='lat' dir='ltr'><strong>sunt</strong></span> <span class='ocrx_word' id='word_1_449' title='bbox 1251 4429 1317 4463; x_wconf 83' lang='lat' dir='ltr'>ex</span> <span class='ocrx_word' id='word_1_450' title='bbox 1353 4414 1416 4464; x_wconf 85' lang='grc' dir='ltr'>Ε.</span> <span class='ocrx_word' id='word_1_451' title='bbox 1454 4414 1527 4463; x_wconf 82' lang='grc' dir='ltr'>Μ.</span> <span class='ocrx_word' id='word_1_452' title='bbox 1563 4414 1688 4475; x_wconf 87' lang='grc'>692,</span> <span class='ocrx_word' id='word_1_453' title='bbox 1726 4416 1809 4464; x_wconf 87' lang='grc'>33.</span> <span class='ocrx_word' id='word_1_454' title='bbox 1879 4408 2118 4475; x_wconf 85' lang='grc' dir='ltr'>πέπειρα</span> <span class='ocrx_word' id='word_1_455' title='bbox 2153 4411 2341 4476; x_wconf 79' lang='lat' dir='ltr'><strong>recepi</strong></span> <span class='ocrx_word' id='word_1_456' title='bbox 2373 4426 2438 4460; x_wconf 83' lang='lat' dir='ltr'>ex</span> <span class='ocrx_word' id='word_1_457' title='bbox 2475 4409 2660 4460; x_wconf 83' lang='lat' dir='ltr'><strong>Dichr.</strong></span> <span class='ocrx_word' id='word_1_458' title='bbox 2697 4412 2824 4474; x_wconf 89' lang='grc'>290,</span> <span class='ocrx_word' id='word_1_459' title='bbox 2861 4411 2955 4472; x_wconf 82' lang='grc'>27,</span> <span class='ocrx_word' id='word_1_460' title='bbox 3003 4410 3071 4460; x_wconf 80' lang='lat' dir='ltr'>ad</span> <span class='ocrx_word' id='word_1_461' title='bbox 3111 4424 3162 4474; x_wconf 90' lang='lat' dir='ltr'>q.</span> <span class='ocrx_word' id='word_1_462' title='bbox 3198 4408 3234 4464; x_wconf 90' lang='lat'>1.</span> 
     </span>
     <span class='ocr_line' id='line_1_44' title="bbox 668 4475 3237 4544; baseline -0 -15"><span class='ocrx_word' id='word_1_463' title='bbox 668 4479 936 4531; x_wconf 78' lang='lat' dir='ltr'><strong>Lehrsius</strong></span> <span class='ocrx_word' id='word_1_464' title='bbox 970 4480 1181 4532; x_wconf 78' lang='lat' dir='ltr'><strong>iudicat</strong></span> <span class='ocrx_word' id='word_1_465' title='bbox 1218 4485 1385 4532; x_wconf 78' lang='lat' dir='ltr'><strong>etiam</strong></span> <span class='ocrx_word' id='word_1_466' title='bbox 1419 4480 1523 4532; x_wconf 81' lang='lat' dir='ltr'>hoe</span> <span class='ocrx_word' id='word_1_467' title='bbox 1558 4480 1675 4531; x_wconf 82' lang='lat' dir='ltr'>loco</span> <span class='ocrx_word' id='word_1_468' title='bbox 1712 4478 1954 4544; x_wconf 85' lang='grc' dir='ltr'>πέπειρα</span> <span class='ocrx_word' id='word_1_469' title='bbox 1988 4485 2339 4530; x_wconf 79' lang='lat' dir='ltr'><strong>memoratum</strong></span> <span class='ocrx_word' id='word_1_470' title='bbox 2377 4478 2565 4528; x_wconf 81' lang='lat' dir='ltr'><strong>fuisse.</strong></span> <span class='ocrx_word' id='word_1_471' title='bbox 2699 4476 2734 4527; x_wconf 89' lang='lat'>1.</span> <span class='ocrx_word' id='word_1_472' title='bbox 2772 4479 2840 4527; x_wconf 76' lang='lat'>24</span> <span class='ocrx_word' id='word_1_473' title='bbox 2873 4475 3134 4542; x_wconf 84' lang='grc' dir='ltr'>τιμήεςςα</span> <span class='ocrx_word' id='word_1_474' title='bbox 3170 4503 3237 4513; x_wconf 83' lang='grc'><strong>-</strong></span> 
     </span>
     <span class='ocr_line' id='line_1_45' title="bbox 670 4545 3236 4615; baseline -0.001 -17"><span class='ocrx_word' id='word_1_475' title='bbox 670 4545 922 4611; x_wconf 89' lang='grc' dir='ltr'>χαρίεςςα</span> <span class='ocrx_word' id='word_1_476' title='bbox 959 4556 1087 4600; x_wconf 80' lang='lat' dir='ltr'><strong>sunt</strong></span> <span class='ocrx_word' id='word_1_477' title='bbox 1122 4566 1189 4599; x_wconf 80' lang='lat' dir='ltr'>ex</span> <span class='ocrx_word' id='word_1_478' title='bbox 1223 4549 1468 4615; x_wconf 79' lang='lat' dir='ltr'><strong>Theogn.</strong></span> <span class='ocrx_word' id='word_1_479' title='bbox 1504 4552 1587 4611; x_wconf 88' lang='grc'>99,</span> <span class='ocrx_word' id='word_1_480' title='bbox 1624 4551 1707 4611; x_wconf 81' lang='grc'>24,</span> <span class='ocrx_word' id='word_1_481' title='bbox 1746 4545 2049 4612; x_wconf 88' lang='grc' dir='ltr'>Μάγνηςςα</span> <span class='ocrx_word' id='word_1_482' title='bbox 2084 4545 2343 4599; x_wconf 87' lang='grc' dir='ltr'>Μάκεςςα</span> <span class='ocrx_word' id='word_1_483' title='bbox 2380 4562 2447 4596; x_wconf 86' lang='lat' dir='ltr'>ex</span> <span class='ocrx_word' id='word_1_484' title='bbox 2484 4547 2564 4596; x_wconf 83' lang='lat' dir='ltr'>St.</span> <span class='ocrx_word' id='word_1_485' title='bbox 2598 4545 2659 4594; x_wconf 93' lang='grc' dir='ltr'>Β.</span> <span class='ocrx_word' id='word_1_486' title='bbox 2795 4546 2831 4596; x_wconf 90' lang='lat' dir='ltr'>l.</span> <span class='ocrx_word' id='word_1_487' title='bbox 2857 4547 2921 4596; x_wconf 81' lang='grc'>27</span> <span class='ocrx_word' id='word_1_488' title='bbox 2960 4545 3050 4597; x_wconf 83' lang='grc' dir='ltr'>καί</span> <span class='ocrx_word' id='word_1_489' title='bbox 3086 4559 3236 4609; x_wconf 73' lang='grc' dir='ltr'>περι·</span> 
     </span>
     <span class='ocr_line' id='line_1_46' title="bbox 670 4612 3237 4683; baseline -0.002 -17"><span class='ocrx_word' id='word_1_490' title='bbox 670 4615 987 4679; x_wconf 86' lang='grc' dir='ltr'>ςπωμένων</span> <span class='ocrx_word' id='word_1_491' title='bbox 1024 4616 1214 4667; x_wconf 78' lang='lat' dir='ltr'><strong>addidi</strong></span> <span class='ocrx_word' id='word_1_492' title='bbox 1249 4623 1471 4683; x_wconf 83' lang='lat' dir='ltr'><strong>propter</strong></span> <span class='ocrx_word' id='word_1_493' title='bbox 1503 4613 1677 4682; x_wconf 83' lang='grc' dir='ltr'>ἀργῆς</span> <span class='ocrx_word' id='word_1_494' title='bbox 1713 4614 1969 4680; x_wconf 87' lang='grc' dir='ltr'>ἀργῆςςα.</span> <span class='ocrx_word' id='word_1_495' title='bbox 1994 4642 2059 4650; x_wconf 93' lang='grc'><strong>-</strong></span> <span class='ocrx_word' id='word_1_496' title='bbox 2084 4614 2232 4681; x_wconf 76' lang='grc' dir='ltr'>Θρᾷξ</span> <span class='ocrx_word' id='word_1_497' title='bbox 2267 4612 2484 4678; x_wconf 81' lang='grc' dir='ltr'>Θρᾷςςα</span> <span class='ocrx_word' id='word_1_498' title='bbox 2508 4612 2689 4663; x_wconf 78' lang='lat' dir='ltr'><strong>adieci</strong></span> <span class='ocrx_word' id='word_1_499' title='bbox 2724 4629 2791 4663; x_wconf 80' lang='lat' dir='ltr'>ex</span> <span class='ocrx_word' id='word_1_500' title='bbox 2827 4613 2905 4664; x_wconf 85' lang='lat' dir='ltr'>St.</span> <span class='ocrx_word' id='word_1_501' title='bbox 2933 4615 2996 4666; x_wconf 91' lang='lat' dir='ltr'>B.</span> <span class='ocrx_word' id='word_1_502' title='bbox 3021 4614 3144 4672; x_wconf 83' lang='grc'>316,</span> <span class='ocrx_word' id='word_1_503' title='bbox 3174 4615 3237 4663; x_wconf 84' lang='grc'>12</span> 
     </span>
     <span class='ocr_line' id='line_1_47' title="bbox 670 4679 3237 4750; baseline -0 -17"><span class='ocrx_word' id='word_1_504' title='bbox 670 4689 727 4733; x_wconf 85' lang='lat' dir='ltr'>et</span> <span class='ocrx_word' id='word_1_505' title='bbox 759 4684 1001 4750; x_wconf 83' lang='lat' dir='ltr'><strong>Theogu.</strong></span> <span class='ocrx_word' id='word_1_506' title='bbox 1043 4685 1075 4735; x_wconf 91' lang='lat' dir='ltr'>l.</span> <span class='ocrx_word' id='word_1_507' title='bbox 1114 4703 1161 4739; x_wconf 84' lang='lat' dir='ltr'>c.</span> <span class='ocrx_word' id='word_1_508' title='bbox 1302 4685 1321 4734; x_wconf 96' lang='lat' dir='ltr'>l</span> <span class='ocrx_word' id='word_1_509' title='bbox 1374 4688 1441 4736; x_wconf 87' lang='lat'>30</span> <span class='ocrx_word' id='word_1_510' title='bbox 1475 4684 1744 4735; x_wconf 73' lang='lat' dir='ltr'><strong>Arcadius</strong></span> <span class='ocrx_word' id='word_1_511' title='bbox 1780 4684 1974 4734; x_wconf 78' lang='lat' dir='ltr'><strong>habet:</strong></span> <span class='ocrx_word' id='word_1_512' title='bbox 2023 4681 2073 4735; x_wconf 78' lang='grc' dir='ltr'>εἰ</span> <span class='ocrx_word' id='word_1_513' title='bbox 2118 4682 2219 4746; x_wconf 82' lang='grc' dir='ltr'>μὲν</span> <span class='ocrx_word' id='word_1_514' title='bbox 2255 4681 2550 4745; x_wconf 88' lang='grc' dir='ltr'>διςύλλαβα</span> <span class='ocrx_word' id='word_1_515' title='bbox 2595 4679 2682 4745; x_wconf 81' lang='grc' dir='ltr'>εἴη</span> <span class='ocrx_word' id='word_1_516' title='bbox 2719 4681 2808 4732; x_wconf 80' lang='grc' dir='ltr'>καὶ</span> <span class='ocrx_word' id='word_1_517' title='bbox 2846 4685 3026 4747; x_wconf 83' lang='grc' dir='ltr'>μακρᾷ</span> <span class='ocrx_word' id='word_1_518' title='bbox 3061 4695 3237 4746; x_wconf 86' lang='grc' dir='ltr'>παρα-</span> 
     </span>
     <span class='ocr_line' id='line_1_48' title="bbox 669 4749 3237 4817; baseline -0 -17"><span class='ocrx_word' id='word_1_519' title='bbox 669 4750 853 4817; x_wconf 84' lang='grc' dir='ltr'>λήγει,</span> <span class='ocrx_word' id='word_1_520' title='bbox 891 4752 1288 4816; x_wconf 88' lang='grc' dir='ltr'>παροξύνεται,</span> <span class='ocrx_word' id='word_1_521' title='bbox 1324 4750 1472 4817; x_wconf 83' lang='grc' dir='ltr'>ῥίζα,</span> <span class='ocrx_word' id='word_1_522' title='bbox 1511 4752 1650 4806; x_wconf 81' lang='grc' dir='ltr'>πέζα</span> <span class='ocrx_word' id='word_1_523' title='bbox 1686 4752 1805 4802; x_wconf 88' lang='grc' dir='ltr'>κτλ.</span> <span class='ocrx_word' id='word_1_524' title='bbox 1862 4753 2142 4802; x_wconf 78' lang='lat' dir='ltr'><strong>Canonem</strong></span> <span class='ocrx_word' id='word_1_525' title='bbox 2179 4749 2492 4802; x_wconf 80' lang='lat' dir='ltr'><strong>emendavit</strong></span> <span class='ocrx_word' id='word_1_526' title='bbox 2526 4750 2659 4800; x_wconf 86' lang='lat' dir='ltr'><strong>Lob.</strong></span> <span class='ocrx_word' id='word_1_527' title='bbox 2686 4749 2886 4799; x_wconf 80' lang='lat' dir='ltr'><strong>Parall.</strong></span> <span class='ocrx_word' id='word_1_528' title='bbox 2923 4753 3038 4808; x_wconf 83' lang='lat'>405,</span> <span class='ocrx_word' id='word_1_529' title='bbox 3114 4765 3237 4801; x_wconf 84' lang='lat' dir='ltr'>uem</span> 
     </span>
     <span class='ocr_line' id='line_1_49' title="bbox 669 4817 3236 4887; baseline -0 -18"><span class='ocrx_word' id='word_1_530' title='bbox 669 4828 887 4872; x_wconf 73' lang='lat' dir='ltr'><strong>secutus</strong></span> <span class='ocrx_word' id='word_1_531' title='bbox 934 4822 1073 4884; x_wconf 84' lang='grc' dir='ltr'>μᾶζα</span> <span class='ocrx_word' id='word_1_532' title='bbox 1119 4827 1175 4871; x_wconf 83' lang='lat' dir='ltr'>et</span> <span class='ocrx_word' id='word_1_533' title='bbox 1220 4821 1382 4884; x_wconf 85' lang='grc' dir='ltr'>ψῶζα</span> <span class='ocrx_word' id='word_1_534' title='bbox 1420 4823 1623 4887; x_wconf 83' lang='lat' dir='ltr'><strong>recepi,</strong></span> <span class='ocrx_word' id='word_1_535' title='bbox 1672 4819 1771 4870; x_wconf 77' lang='lat' dir='ltr'>sed</span> <span class='ocrx_word' id='word_1_536' title='bbox 1816 4821 1988 4872; x_wconf 86' lang='grc' dir='ltr'>κνῦζα</span> <span class='ocrx_word' id='word_1_537' title='bbox 2032 4822 2173 4870; x_wconf 86' lang='lat' dir='ltr'><strong>inter</strong></span> <span class='ocrx_word' id='word_1_538' title='bbox 2214 4819 2487 4869; x_wconf 77' lang='lat' dir='ltr'>vocabula</span> <span class='ocrx_word' id='word_1_539' title='bbox 2530 4819 2685 4870; x_wconf 81' lang='lat' dir='ltr'><strong>brevi</strong></span> <span class='ocrx_word' id='word_1_540' title='bbox 2729 4817 2908 4870; x_wconf 79' lang='lat' dir='ltr'><strong>vocali</strong></span> <span class='ocrx_word' id='word_1_541' title='bbox 2943 4833 3075 4883; x_wconf 78' lang='lat' dir='ltr'><strong>prae</strong></span> <span class='ocrx_word' id='word_1_542' title='bbox 3117 4818 3236 4868; x_wconf 73' lang='lat' dir='ltr'><strong>nita</strong></span> 
     </span>
    </p>
   </div>
  </div>
 </body>
</html>
