3664 5546
1127 404 1286 460 ΠΕΡΙ
1328 405 1720 462 ΚΑΘΟΛΙΚΗΕ
1756 404 2179 461 ΠΡΟΕΩιΔΙΑΕ
2215 407 2282 462 Δ.
2925 407 3039 472 101

615 604 652 638 ιι.
698 580 790 644 Τὰ
835 577 923 644 εἰς
964 580 1068 658 δί
1110 578 1565 658 πολυςύλλαβα
1608 584 1700 661 τῷ
1746 583 1784 656 ἦ
1830 580 1869 656 ἢ
1917 585 2009 663 τῷ
2055 584 2108 643 ὦ
2153 580 2191 657 ἢ
2236 586 2312 662 τῇ
2360 581 2414 644 εἶ
2459 581 2793 665 διφθόγγῳ
2838 601 3041 659 παρα-

441 682 763 764 ληγόμενα
817 681 1140 763 ὀξύνεται,
1210 681 1587 764 Φαληρίς,
1645 680 1915 761 Ἰβηρίς
1972 681 2311 765 «Ἑλληνίς,
2371 683 2489 747 οὐκ
2545 683 2819 764 Ἰβηρίς».
2912 684 3039 749 Μέ-

435 791 714 863 νανδρος
773 784 1023 849 Ἀςπίδι.
1094 782 1476 866 Καφηρίς,
1545 782 1926 866 Καςωρίς,
1982 785 2306 866 θεωρίς,
2373 785 2749 864 Καβειρίς.
2844 787 2920 851 τὸ
2967 787 3039 850 δὲ

439 888 911 966 Ταπόςειρις
955 887 1142 951 πόλις
1184 885 1507 962 Αἰγύπτου
1553 885 1819 966 πληςίον
1867 887 2339 967 Ἀλεξανδρείας
2387 888 2740 969 βαρύνεται.

443 992 454 999 ”
608 1016 647 1051 ιι
691 990 785 1054 Τὰ
830 988 917 1054 εἰς
959 991 1062 1067 ρ-ιῖ
1105 988 1267 1067 ὑπὲρ
1313 988 1432 1053 δύο
1480 989 1791 1069 ςυλλαβὰς
1839 992 2173 1074 διφθόγγῳ
2233 996 2308 1074 τῇ
2356 991 2460 1055 διὰ
2504 993 2621 1055 τοῦ
2667 996 2703 1053 ῦ
2747 994 3033 1070 παραλη·
3064 996 3097 1047 5

351 1078 386 1107 ⁶
437 1094 680 1173 γόμενα
734 1091 986 1157 ἅπαντα
1042 1090 1331 1157 ὀξύνεται
1391 1089 1536 1156 οἷον
1597 1090 2076 1175 Ἐπιδαυρίς,
2136 1092 2541 1171 Βαναυρίς.
2650 1093 3037 1171 Βαναυρίδες

440 1198 510 1263 δέ
565 1195 674 1261 εἰςι
729 1199 910 1275 νῆςοι
966 1194 1346 1273 Τυρρηνικαὶ
1402 1192 1532 1259 ἀπὸ
1593 1194 1933 1272 Βαναύρου
2000 1193 2144 1259 υἱοῦ
2187 1194 2490 1277 Αἴαντος,
2554 1195 2939 1295 μολουρίς
2996 1196 3035 1274 ἡ

397 1296 785 1381 ’ςιτοφάγος
840 1296 1045 1379 ἀκρίς,
1103 1294 1575 1373 κυνοςουρίς
1631 1295 1735 1359 καὶ
1792 1295 2307 1379 Κυνοςουρίς,
2373 1298 2774 1374 Κυνουρίς.
2865 1317 3033 1376 ςεςη-

438 1403 693 1482 μείωται
737 1402 808 1465 δὲ
852 1399 991 1479 τρία
1037 1397 1484 1478 λάμπουρις
1530 1398 1569 1476 ἡ
1616 1396 1912 1481 ἀλώπηξ,
1958 1398 2349 1478 Τόμουρις
2393 1398 2607 1478 ὄνομα
2649 1398 2904 1464 πόλεως
2933 1401 3035 1464 καὶ

429 1505 833 1585 ἱππουρις.
3074 1506 3137 1557 10

604 1607 699 1672 Τὰ
743 1605 832 1670 εἰς
873 1608 978 1683 ρι’(
1016 1602 1254 1682 ἔχοντα
1297 1601 1426 1681 πρὸ
1470 1605 1588 1667 τοῦ
1633 1624 1670 1680 ρ
1715 1601 1786 1669 ἕν
1832 1624 1889 1667 τι
1935 1607 2067 1668 τῶν
2112 1554 2324 1683 ψιλῶν
2371 1602 2693 1686 ὀξύνεται,
2739 1607 3030 1668 παλαι-

413 1709 674 1791 ’ςτρίς,
721 1705 1173 1786 αύληςτρίς,
1230 1704 1628 1786 ἐπακτρίς,
1687 1705 2112 1788 Ἠλεκτρίς,
2170 1706 2538 1789 Ἐρετρίς,
2592 1706 3029 1789 Πανακρίς,

343 1828 358 1847 “
438 1809 925 1888 Ἀντιπατρίς
969 1809 1156 1875 πόλις
1201 1808 1508 1872 Ἰουδαίας
1553 1806 1850 1885 Ἡρώδου
1896 1808 2110 1887 κτίςμα
2154 1807 2260 1872 ἐπὶ
2298 1807 2670 1883 Αὐγούςτου
2705 1808 3028 1886 Καίςαρος.

434 1915 509 1978 τὸ
557 1914 628 1977 δὲ
671 1913 1077 1991 Ἀμαςτρις
1122 1910 1309 1975 πόλις
1352 1910 1820 1990 Παφλαγονίας
1866 1912 1905 1990 ἡ
1950 1911 2271 1989 πρότερον
2320 1910 2589 1990 Κρῶμνα
2616 1947 2703 1957 -
2741 1910 2872 1975 ἀπὸ
2917 1932 3026 1985 γυ-

436 2016 652 2081 ναικὸς
694 2014 1037 2095 Περςίδος,
1094 2013 1407 2091 θυγατρὸς
1453 2012 1805 2091 Ὀξυάθρου
1861 2016 1978 2077 τοῦ
2023 2012 2316 2095 ἀδελφοῦ
2359 2013 2676 2095 Δαρείου,
2743 2014 2781 2091 ἣ
2828 2034 3026 2097 ςυνῳ-
3068 2026 3130 2076 15

435 2137 578 2197 κηςε
622 2116 947 2199 Διονυςίῳ
1004 2121 1094 2199 τῷ
1139 2112 1509 2194 Ἡρακλείας
1563 2115 1878 2199 τυράννῳ.
1965 2114 2382 2195 Δημοςθένης
2438 2116 2503 2180 δ’
2563 2115 2626 2182 ἐξ
2683 2115 3030 2194 Ἀμαζόνος

435 2220 606 2286 οὕτω
654 2218 1003 2298 λεγομένης
1044 2253 1131 2263 -
1175 2218 1277 2281 καὶ
1323 2217 1729 2295 Νώνακρις
1772 2217 1961 2281 πόλις
2006 2217 2348 2296 Ἀρκαδίας.
2409 2217 2659 2283 Ῥιανὸς
2705 2218 2773 2282 ἐν
2822 2218 3029 2281 Ἠλια-

435 2326 565 2388 κῶν
601 2322 850 2404 πρώτῳ
894 2356 978 2367 -
1026 2319 1378 2400 βαρύνεται.

598 2444 636 2481 ιι
683 2423 811 2487 Ἔτι
856 2423 935 2486 τὰ
979 2421 1068 2486 εἰς
1123 2425 1218 2500 ’ρις
1275 2420 1512 2499 ἔχοντα
1567 2423 1697 2499 πρὸ
1752 2424 1871 2486 τοῦ
1928 2425 1966 2500 ρ
2024 2422 2093 2487 ἕν
2152 2445 2209 2487 τι
2265 2426 2396 2487 τῶν
2455 2422 2661 2501 μέςων
2718 2422 3029 2505 ὀξύνεται,

394 2524 958 2619 ,Ἀλεξανδρίς,
1003 2523 1424 2605 Ταναγρίς,
1476 2524 1871 2603 Καλαβρίς.
1961 2525 2038 2588 τό
2099 2526 2170 2589 δὲ
2222 2523 2537 2604 Λίηβρις
2582 2525 2769 2591 πόλις
2814 2525 3028 2590 Φοινί-
3065 2540 3133 2589 20
3208 2570 3220 2583 .

436 2650 565 2693 κων
612 2628 966 2708 βαρύνεται.

603 2730 697 2796 Τὰ
751 2728 839 2794 εἰς
893 2733 992 2809 5OE
1045 2727 1352 2805 Αἰγύπτια
1407 2728 1998 2812 προπαροξύνεται,
2045 2728 2412 2808 Βούςιρις
2451 2730 2640 2795 πόλις
2683 2728 3023 2807 Αἰγύπτου.

439 2834 549 2898 «ἐν
605 2832 802 2916 ταύτῃ
844 2832 1026 2897 Ἴςιος
1072 2832 1361 2911 μέγιςτον
1416 2830 1610 2909 ἱερόν.
1694 2831 1944 2910 ἵδρυται
1985 2832 2058 2894 δ’
2103 2830 2173 2896 ἐν
2219 2832 2386 2916 μέςῳ
2431 2836 2541 2912 τῆς
2584 2832 2907 2909 Αἰγύπτου
2953 2833 3022 2900 ἐν

434 2941 525 3019 τῷ
569 2935 803 2999 Δέλτα.
871 2933 1011 2999 Ἶςις
1057 2933 1123 2997 δ’
1168 2932 1293 2996 ἐςτὶ
1336 2933 1496 2997 κατὰ
1537 2934 1651 3011 τὴν
1708 2937 1840 2998 τῶν
1886 2932 2208 3013 Ἑλλήνων
2254 2938 2540 3010 γλῶςςαν
2586 2936 2626 3014 ἡ
2670 2936 3021 3016 Δημήτηρ»

437 3035 780 3121 (Herodot.
827 3033 897 3098 II
940 3035 1067 3117 59).
1159 3035 1249 3100 ὡς
1294 3036 1359 3098 δ’
1413 3034 1630 3118 ἄλλοι,
1687 3034 1817 3100 ἐκεῖ
1877 3036 2123 3112 λέγεται
2178 3036 2381 3116 Θάψαι
2435 3038 2551 3102 τὸν
2595 3038 2837 3117 Ὄςιριν
2884 3038 3025 3103 Ἷςις
3061 3053 3126 3104 25

436 3141 792 3220 ἑμβαλοῦςα
847 3137 935 3203 εἰς
988 3138 1242 3216 ξυλίνην
1292 3140 1480 3219 βοῦν,
1534 3136 1692 3202 ὥςτε
1750 3138 2115 3216 Βουςόςιριν
2173 3136 2338 3203 εἶναι
2391 3141 2506 3219 τὴν
2552 3139 2759 3205 πόλιν.
2849 3139 2910 3205 οἱ
2956 3142 3025 3204 δ’

435 3242 532 3307 ὅτι
586 3241 913 3321 τοπάρχης
965 3240 1045 3319 ἦν
1105 3240 1390 3318 Βούςιρις
1446 3239 1574 3305 ὑπὸ
1620 3239 1930 3318 Ὀςίριδος
1986 3239 2399 3306 καταςταθείς.
2488 3241 2780 3320 Ὄςιρις
2837 3242 3020 3319 Αἰγυ-

355 3333 364 3338 ’
434 3344 638 3410 πτιςτὶ
692 3344 730 3409 ὁ
773 3343 1110 3409 Διόνυςος.
1200 3341 1636 3422 Ταφόςιρις
1698 3342 1886 3407 πόλις
1929 3341 2285 3425 Αἰγύπτου,
2345 3342 2416 3408 ἐν
2472 3344 2511 3427 ᾗ
2559 3344 2807 3420 λέγεται
2851 3345 3020 3411 Ὄςι-

436 3468 529 3526 ρις
583 3445 909 3526 τεθάφθαι.
997 3445 1402 3524 καλάςιρις
1449 3447 1664 3509 λινοῦς
1720 3446 1917 3523 χιτὼν
1962 3443 2275 3523 ἱερατικὸς
2329 3429 2433 3510 ml
2483 3449 2675 3525 μοῖρα
2729 3451 2859 3512 τῶν
2906 3469 3019 3527 μα-

433 3549 634 3628 χίμων
691 3547 761 3613 ἐν
805 3546 1102 3631 Αἰγύπτῳ
1158 3546 1219 3611 οἱ
1274 3547 1378 3616 καὶ
1420 3545 1900 3626 Ἑρμοτυμβιεῖς.
1988 3545 2338 3625 Ἡρόδοτος
2395 3549 2674 3633 δευτέρῳ
2731 3550 2816 3631 (c.
2868 3548 3018 3632 164)
3058 3559 3125 3612 30

432 3651 776 3728 Ψένυρις
821 3651 1013 3731 κώμη.
1102 3649 1477 3727 Τὲντυρις
1521 3649 1706 3713 πόλις
1749 3649 2071 3725 Αἰγύπτου
2127 3652 2464 3730 καθαρτικὴ
2519 3655 2649 3717 τῶν
2696 3652 3020 3730 κροκοδεί-

433 3908 594 3961 Θέτις
633 3906 828 3970 Θέτιν,
865 3903 1020 3970 χάρις
1056 3904 1279 3971 χάριτος
1315 3889 1490 3969 Χάριν.
1678 3906 1713 3955 l.
1756 3907 1780 3955 1
1817 3905 1963 3956 hunc
1999 3922 2260 3957 canonem
2297 3923 2363 3957 ex
2403 3908 2483 3958 St.
2520 3909 2580 3957 Β.
2621 3907 2778 3969 finxi,
2816 3905 3017 3973 θεωρίς

434 3995 498 4028 ex
535 3977 658 4027 Are.
695 3979 775 4034 34,
814 3979 842 4027 7
881 3974 985 4023 huc
1023 3976 1290 4025 referens».
1461 3974 1496 4028 l.
1536 3976 1567 4024 5
1613 3973 1703 4023 hic
1739 3989 1917 4025 canon
1954 3981 2201 4040 sumptus
2238 3983 2323 4025 est
2360 3992 2428 4026 ex
2463 3976 2563 4041 Ep.
2603 3977 2751 4026 0121
2789 3979 2911 4038 210,
2952 3978 3014 4026 Ε.

431 4047 500 4096 Μ.
536 4047 658 4106 474,
695 4047 745 4108 8,
781 4046 843 4094 Ε.
880 4041 1022 4093 Gud.
1059 4042 1174 4099 284,
1213 4044 1295 4104 52,
1342 4057 1467 4091 nam
1505 4042 1725 4091 videtur
1759 4042 2170 4106 Ilerodianeu3‚
2209 4059 2535 4110 quamquam
2573 4044 2828 4094 E-ustath
2873 4014 3015 4106 1’571,

430 4116 494 4164 26
531 4110 843 4176 λαμπουρίς
870 4116 1149 4175 comparat
1172 4125 1291 4159 cum
1318 4107 1615 4173 πυρςουρίς
1643 4116 1903 4174 tanquam
1929 4116 2236 4175 oxytonum.
2287 4113 2357 4162 cf.
2386 4113 2520 4163 Lob.
2548 4112 2713 4163 Proll.
2737 4113 2838 4161 460
2864 4127 3019 4178 seqq.-

432 4187 486 4232 et
522 4181 790 4233 Schmidt.
826 4180 896 4229 ad
932 4179 1063 4228 Hes
1104 4176 1427 4242 λάμπουρις.
1499 4177 1702 4228 Addidi
1748 4194 1814 4227 ex
1855 4179 1930 4229 St.
1970 4179 2030 4229 B.
2074 4176 2381 4243 Ἐπιδαυρίς
2430 4178 2699 4245 Βαναυρίς
2747 4178 3014 4231 Κυνοςου-

429 4247 511 4313 pl<
549 4255 607 4300 et
646 4245 926 4312 Κυνουρίς.
1068 4247 1103 4296 l
1144 4249 1205 4295 12
1242 4243 1539 4310 αύληςτρίς
1575 4245 1826 4297 defendit
1862 4246 1998 4295 Lob.
2023 4246 2192 4296 Proll
2221 4250 2335 4308 451,
2373 4249 2544 4298 Mein.
2581 4249 2648 4299 ad
2687 4248 2769 4299 St.
2796 4251 2858 4300 B.
2901 4251 3013 4304 146,

434 4321 495 4368 10
531 4317 739 4368 collato
774 4316 1133 4377 Theocrit.2,
1178 4316 1273 4363 146
1308 4311 1586 4379 αῦλιςτρίς
1623 4314 1788 4364 scribi
1823 4314 1960 4364 vult.
2035 4311 2272 4379 Ἐρετρίς
2317 4330 2490 4379 usque
2528 4316 2598 4366 ad
2637 4315 2794 4366 finem
2832 4316 3015 4366 adieci

431 4401 497 4436 ex
533 4385 614 4436 st.
651 4387 712 4436 B.
785 4384 1079 4434 Caeterum
1125 4397 1416 4444 canonem,
1466 4384 1558 4446 qui
1604 4381 1667 4431 de
1712 4381 2087 4447 plurisyllabis
2134 4385 2280 4447 agit,
2329 4399 2395 4433 ex
2432 4384 2628 4433 Arcad.
2665 4387 2759 4445 33,
2797 4386 2860 4433 21
2908 4384 3015 4435 hue

429 4455 589 4503 traxi.
762 4452 798 4501 l.
836 4454 896 4502 19
933 4466 1196 4501 canonem
1232 4467 1298 4501 ex
1346 4449 1609 4515 exemplis
1641 4450 1913 4515 Stephani
1950 4450 2011 4502 B.
2050 4449 2209 4515 finxi,
2259 4467 2300 4500 ιι.
2336 4468 2388 4500 v.
2427 4449 2647 4516 Λίηβρις
2685 4422 2848 4503 πόλις
2884 4451 3012 4505 Φοι-

352 4575 364 4584 x
429 4520 606 4573 νίκων
642 4519 723 4572 ώς
761 4518 1113 4583 Ἡρωδιανὸς.
1284 4519 1422 4568 122
1469 4517 1713 4583 Βούςιρις
1750 4518 1965 4582 explevi
2000 4534 2067 4568 ex
2105 4517 2182 4569 St.
2220 4519 2282 4569 Β.
2353 4517 2508 4583 Ὄςιρ
2514 4533 2558 4571 ις
2597 4537 2665 4569 ex
2702 4522 2856 4570 Eust.
2893 4523 3010 4584 391,

429 4594 494 4642 36
531 4589 655 4640 coll.
695 4589 759 4638 Ε.
797 4589 872 4638 Μ.
909 4589 1024 4650 209,
1063 4590 1146 4639 25.
1194 4585 1494 4650 Ταφόςιρις
1532 4602 1598 4636 ex
1635 4587 1719 4635 St.
1745 4587 1807 4634 B
1849 4586 2052 4649 adieci,
2092 4587 2226 4637 item
2266 4585 2576 4652 Καλάςιρις,
2617 4587 3010 4668 appellativum

432 4675 496 4708 ex
531 4659 689 4708 Eust.
728 4657 847 4706 1.ο.
888 4682 942 4692 -
987 4656 1022 4705 l.
1057 4659 1120 4706 31
1157 4653 1340 4719 Ψένυρ
1344 4668 1391 4706 ις
1428 4654 1644 4720 explevi
1683 4668 1748 4702 ex
1789 4653 1870 4703 St.
1896 4654 1956 4703 B.
1964 4669 2110 4719 ,qm
2150 4672 2200 4720 p.
2227 4658 2344 4717 374,
2373 4658 2433 4705 16
2460 4673 2498 4706 s.
2542 4652 2833 4720 Κορκυρίς;
2878 4655 3009 4722 Κορ-

432 4720 1520 4877 {¹22¹ss¹22*¹152‹?J{⁰L‘sl⁰{1'÷n‘¹’2x⁶*s¹²t¹.’⁹1‘3‘
1556 4719 1736 4840 02..Ξὲ
1758 4719 3009 4856 ..ἴξζὲἕὲῗωῗίἷτῗῖἷῖιῧἭώμ’ἒῖἓῗρῗζετὲἑιῦ

434 4862 594 4981 νῆςῖς
611 4807 921 4983 ρΑἰῖἰ’.ιτιίὀυ
958 4859 1090 4910 κατ’
1127 4856 1463 4923 Αἰγυπτίους
1501 4856 1820 4922 καλουμένη
1858 4855 2157 4923 Πτίμυρις,
2195 4876 2292 4924 pro
2308 4807 2723 4926 pquopHolsten.
2752 4859 3007 4926 Πύραμις

435 4929 537 4979 scri
574 4948 593 4979 1
627 4945 702 4980 vu
727 4934 749 4979 t
