3664 5546
630 382 759 449 220
1560 381 1641 437 εκ
1679 381 1818 436 mn
1860 380 2264 435 ΗΡΩΔιΑΝοΥ

631 575 865 634 γητος
909 557 948 620 6
991 555 1206 635 καιρὸς
1251 559 1651 636 μονογενῶς,
1694 553 2077 633 τρυγητός
2131 554 2202 617 δὲ
2255 553 2331 617 τὸ
2385 551 2814 631 τρυγώμενον.
2903 554 3201 615 τοιοῦτον

632 660 735 723 καὶ
777 658 852 723 τὸ
897 658 1185 738 ἄμητος
1230 659 1331 723 καὶ
1373 656 1679 737 ἀμητός.
1767 658 1844 721 τὸ
1889 658 1960 720 δὲ
2015 653 2336 735 ἑψητός,
2392 654 2728 732 λαλητός
2773 653 3048 720 ὀξύτονα
3104 653 3204 717 καὶ

632 761 962 827 ἑπιθετικά.
1052 761 1152 825 καὶ
1193 761 1270 825 τὸ
1314 759 1705 838 ἀλαλητός
1749 757 1882 823 ἀπὸ
1924 761 2041 822 τοῦ
2086 757 2357 834 λαλητός
2400 756 2730 834 προςθέςει
2773 759 2890 819 τοῦ
2935 758 2991 818 ἆ.

799 863 893 927 Τὰ
936 862 1024 927 εἰς
1067 867 1179 926 ιἮῐ
1222 863 1384 941 ὑπὲρ
1428 861 1547 926 δύο
1593 861 1906 942 ςυλλαβὰς
1948 858 2446 938 παραληγόμενα
2497 864 2590 941 τῷ
2635 861 2672 935 ἦ
2718 858 2892 922 ἁπλᾶ
2946 861 3201 936 τριγενῆ

570 975 602 1024 5
635 966 957 1048 ὀξύνεται,
1025 965 1407 1048 δωρητός,
1476 961 1835 1043 ἀςκητός,
1898 960 2307 1043 κοςμητός,
2373 960 2800 1042 ἀγαπητός,
2868 959 3202 1040 ώνητός,

631 1067 1005 1150 ποτητός,
1051 1066 1371 1150 ἀρητός,
1418 1065 1766 1147 μιςητός,
1816 1065 1870 1146 ᾧ
1928 1063 2232 1144 ὁμοτονεῖ
2276 1063 2615 1141 Μιςητός
2668 1062 2853 1127 πόλις
2910 1062 3201 1126 Μακεδο-

630 1170 798 1252 νίας,
875 1169 1191 1251 νοητός,
1260 1167 1791 1261 παραρρητός,
1859 1164 2429 1245 παραμυθητός.
2537 1166 2613 1229 τὸ
2688 1166 2759 1229 δὲ
2832 1163 3200 1246 ἄρρητός,

629 1272 994 1354 ἄκλητος,
1040 1271 1377 1350 ἄκμητος
1422 1270 1686 1336 ςύνθετα
1739 1268 2358 1347 προπαροξύνονται.
2448 1266 2654 1333 οὕτως
2697 1267 2800 1331 καὶ
2842 1267 2919 1331 τὸ
2963 1265 3200 1343 ἄητος

630 1375 668 1439 6
713 1373 1193 1439 ἀκατάπαυςτος
1240 1373 1515 1452 «θάρςος
1569 1371 1768 1450 ἄητον
1822 1370 2099 1448 ἔχουςα»
2146 1369 2231 1451 (Φ
2274 1367 2446 1453 395).
2536 1368 2662 1433 ἔςτι
2706 1368 2829 1447 γὰρ
2874 1368 3200 1450 ςύνθετον,

534 1482 593 1532 10
628 1476 717 1541 ὥς
759 1498 910 1556 φηςι
953 1476 1328 1557 Φιλόξενος,
1371 1475 1546 1553 παρὰ
1589 1473 1664 1538 τὸ
1709 1473 1849 1538 ἐτός
1907 1473 1997 1537 ὡς
2052 1471 2262 1553 θετός,
2321 1471 2358 1535 ὃ
2403 1472 2681 1551 ςημαίνει
2739 1472 2856 1548 τὴν
2913 1469 3200 1551 ὕπαρξιν,

628 1579 692 1645 ἐξ
738 1576 817 1643 οὗ
860 1579 936 1643 τὸ
981 1577 1247 1660 ἀληθές,
1292 1578 1330 1642 ὃ
1376 1579 1477 1641 καὶ
1517 1577 1753 1652 γίνεται
1797 1575 1991 1641 ἑτεός.
2079 1574 2334 1650 ἐγένετο
2393 1575 2463 1638 δὲ
2507 1575 2609 1637 καὶ
2652 1574 2727 1638 τὸ
2769 1573 3200 1651 πληθυντικὸν

629 1681 975 1760 οὐδέτερον
1021 1679 1090 1744 ἐν
1137 1678 1582 1764 ἐπιρρηματικῇ
1627 1679 1828 1760 τάξει,
1872 1679 1975 1742 καὶ
2017 1678 2093 1742 τὸ
2138 1676 2312 1755 παρὰ
2355 1679 2491 1740 τοῖς
2536 1676 2838 1740 Ἀττικοῖς
2895 1675 3014 1739 οὐκ
3059 1674 3200 1739 ἐτός

626 1785 767 1849 ἀντὶ
831 1783 1170 1863 μεςότητος
1234 1785 1345 1859 τῆς
1410 1782 1582 1846 ἑτῶς.
1679 1782 1781 1846 τὸ,
1809 1781 1984 1859 παρὰ
2040 1779 2259 1859 μηδενὶ
2317 1777 2436 1843 οὖν
2494 1777 2853 1859 ύπαρκτόν,
2919 1778 3200 1842 τουτέςτι

628 1886 817 1968 μέγα,
863 1884 1056 1949 ἄετον
1100 1886 1202 1947 καὶ
1244 1882 1461 1962 ἄητον.

533 1993 591 2044 15
796 2010 835 2046 a·
878 1986 972 2051 Τὰ
1015 1985 1103 2051 εἰς
1146 1989 1293 2052 r‘ffic
1338 1987 1499 2065 ὑπὲρ
1544 1985 1663 2051 δύο
1709 1984 2022 2066 ςυλλαβὰς
2065 1991 2157 2069 τῷ
2201 1987 2258 2061 ἦ,
2287 1982 2785 2063 παραληγόμενα
2829 1981 3012 2061 κύρια
3056 1980 3196 2049 ὀξύ-

628 2111 831 2172 νεται,
879 2088 1314 2168 Γαργηττός
1358 2089 1544 2153 πόλις
1588 2089 1689 2153 καὶ
1743 2091 1941 2166 δῆμος
1986 2087 2278 2165 Αἰγηΐδος
2334 2089 2573 2168 φυλῆς,
2619 2085 2988 2165 Ὑμηττός
3043 2084 3196 2162 ὄρος

625 2195 738 2270 τῆς
780 2193 1054 2269 Ἀττικῆς
1096 2226 1182 2238 -
1224 2192 1300 2256 τό
1344 2196 1382 2256 i]
1439 2191 1678 2271 μακρὸν
1734 2191 1835 2255 καὶ
1890 2189 2105 2270 βραχύ.
2193 2187 2707 2268 Λυκαβηττός.
2798 2186 3194 2265 (υπαλητ-

625 2294 757 2359 τός
802 2296 1001 2373 δῆμος
1044 2297 1156 2372 τῆς
1205 2293 1589 2373 Κεκροπίδος
1644 2296 1870 2372 φυλῆς.
1945 2292 2260 2371 Ὑηττός
2317 2294 2491 2372 κώμη
2539 2290 2858 2355 Βοιωτίας.
2947 2289 3196 2369 ώνόμα-

628 2417 760 2461 ςται
805 2396 870 2460 δ’
900 2387 1107 2461 &tuuc
1152 2396 1256 2460 διὰ
1298 2396 1374 2461 τὸ
1418 2394 1747 2461 καθύεςθαι
1793 2397 2105 2474 ςφοδροῖς
2150 2394 2429 2475 ὄμβροις.
2488 2395 2656 2459 τινὲς
2687 2394 2758 2458 δὲ
2788 2393 2904 2471 τὴν
2936 2392 3196 2470 Ἀςπλη-

525 2504 591 2554 20
626 2499 786 2563 δόνα
828 2498 1095 2577 Ὑηττόν
1141 2497 1459 2564 ἐκάλεςαν.
1592 2522 1601 2530 ·

793 2600 886 2664 Τὰ
942 2599 1030 2665 εἰς
1084 2604 1201 2665 ῖόῖ
1257 2600 1417 2679 ὑπὲρ
1474 2600 1593 2665 δύο
1650 2600 1963 2680 ςυλλαβὰς
2018 2599 2312 2678 ἀρςενικὰ
2366 2597 2863 2678 παραληγόμενα
2904 2602 2997 2681 τῷ
3039 2598 3072 2659 ἰ’
3116 2597 3197 2674 μὴ

625 2702 784 2767 ὄντα
848 2701 1163 2767 έπιθετικὰ
1230 2703 1643 2784 βαρύνονται,
1713 2701 2110 2785 βάρβιτος,
2180 2702 2515 2781 Νήριτος
2580 2701 2618 2779 ἢ
2678 2700 2952 2780 Νήριτον
3018 2698 3196 2780 ὄρος,

625 2806 940 2889 Λήϊτος,
986 2805 1421 2887 Φώκριτος,
1474 2806 1859 2887 Ἀγχιτος,
1917 2805 2400 2885 Ἀφρόδιτος.
2488 2804 2566 2869 τὰ
2621 2805 2692 2868 δὲ
2755 2803 2996 2881 θηλυκὰ
3053 2800 3194 2868 ὀξύ-

625 2927 798 2973 νεται
842 2907 1238 2985 ἁμαξιτός·
1296 2907 1420 2972 ἔςτι
1476 2907 1578 2972 καὶ
1631 2907 1967 2985 πολίχνιον
2013 2907 2336 2990 Τρῳάδος.
2426 2906 2724 2987 (τράβων
2771 2904 2849 2980 ιγ’
2894 2905 2981 2989 (p.
3027 2902 3195 2985 612).

526 3016 589 3064 25
626 3009 1089 3091 ἀτραπιτός,
1134 3010 1518 3089 Λυχνιτός
1563 3010 1602 3088 ἡ
1649 3010 1831 3089 λίμνη
1876 3009 2175 3088 Ἰλλυρίας
2220 3014 2506 3088 θηλυκῶς
2560 3011 2661 3073 καὶ
2703 3009 2742 3087 ἡ
2788 3007 2972 3072 πόλις
3015 3004 3197 3085 ἀρςε-

624 3117 827 3176 νικῶς.
898 3113 1064 3176 τινὲς
1109 3113 1181 3176 δὲ
1225 3112 1329 3176 διὰ
1372 3117 1488 3177 τοῦ
1535 3100 1571 3177 6
1614 3113 1986 3192 γράφουςιν.
2056 3114 2131 3177 τὸ
2176 3113 2247 3177 δὲ
2293 3112 2603 3191 θεριτός
2646 3111 2722 3175 τὸ
2767 3109 3197 3191 θεριζόμενον,

624 3216 934 3292 θέριτος
979 3214 1049 3277 δὲ
1096 3212 1133 3277 6
1178 3213 1410 3292 καιρός.

791 3317 884 3381 Τὰ
951 3314 1040 3380 εἰς
1095 3320 1209 3379 τος
1270 3315 1647 3397 τριςύλλαβα
1712 3317 1946 3395 ἔχοντα
2010 3319 2125 3396 τὴν
2181 3317 2307 3395 πρὸ
2361 3317 2588 3383 τέλους
2645 3316 2958 3397 ςυλλαβὴν
3014 3313 3102 3379 εἰς
3159 3317 3196 3377 ὃ

625 3558 691 3590 ox
727 3539 973 3603 Theogn.
1042 3540 1128 3589 De
1164 3537 1377 3604 ἀμητός
1423 3540 1491 3590 cf.
1528 3540 1591 3588 Ε.
1630 3540 1701 3589 Μ.
1740 3542 1830 3602 83,
1871 3544 1934 3591 10
1970 3540 2092 3603 (An.
2131 3543 2230 3593 Ox.
2267 3541 2321 3591 ΙΙ
2366 3543 2492 3601 331,
2528 3540 2646 3601 25):
2692 3536 2940 3603 διαφέρει
2983 3536 3196 3603 ἄμητος

625 3607 713 3658 καί
750 3606 978 3672 ἀμητός.
1045 3605 1257 3671 ἄμητος
1302 3606 1408 3672 γὰρ
1434 3607 1467 3658 6
1503 3606 1691 3672 καιρὸς
1727 3610 1829 3659 τοῦ
1868 3608 2092 3673 θέρους,
2131 3607 2343 3673 ἀμητός
2380 3607 2441 3659 δὲ
2479 3607 2510 3659 ὁ
2547 3605 2800 3671 θεριςμὸς
2825 3604 2998 3658 οἱονεὶ
3023 3605 3196 3658 αὐτὸς

625 3678 656 3727 ὁ
693 3673 986 3738 ἀμώμενο(
1023 3673 1251 3739 καρπός.
1324 3677 1603 3726 Canoncm
1640 3678 1907 3740 pervertit
1937 3679 2175 3728 Tzetzes
2211 3678 2269 3726 in
2294 3678 2471 3727 Schol.
2507 3675 2579 3725 ad
2602 3675 2828 3725 Hesiod.
2867 3692 2917 3740 p.
2945 3678 3063 3738 337,
3102 3676 3195 3725 28:

623 3742 835 3808 ἀμητός
873 3743 961 3794 καὶ
998 3741 1216 3807 θεριτός
1252 3742 1305 3795 οἱ
1343 3742 1534 3808 καιροί.
1605 3743 1817 3809 ἄμητος
1854 3743 1915 3795 δὲ
1952 3745 2041 3796 καὶ
2077 3744 2291 3810 θέριτος
2338 3744 2407 3796 τὰ
2444 3743 2768 3808 θεριζόμενα
2804 3742 2893 3794 καὶ
2930 3741 3196 3807 ἀροτριώ-

625 3826 778 3875 μενα.
849 3813 932 3861 De
978 3810 1259 3876 ἀλαλητός
1302 3812 1373 3862 cf.
1422 3812 1481 3862 ll.
1522 3813 1609 3862 Pr.
1647 3811 1690 3864 Θ
1742 3814 1864 3873 178,
1912 3814 2006 3862 uhi
2055 3818 2404 3879 comparatur
2447 3828 2564 3862 cum
2610 3810 2853 3876 ςτεροπή
2899 3808 3195 3876 ἀςτεροπή.

623 3880 829 3931 Contra
865 3896 1129 3930 canonem
1165 3886 1355 3944 peccat
1391 3878 1628 3945 Ἠρητός
1666 3879 1828 3932 πόλις
1866 3879 2118 3944 (αβίνων
2154 3899 2240 3947 ap.
2278 3882 2356 3934 St.
2396 3881 2458 3929 B.
2675 3880 2709 3929 l.
2749 3881 2780 3928 6
2815 3878 3067 3944 ποτητός
3101 3879 3196 3929 ad·

624 3948 737 3998 didi
773 3964 836 3997 ex
875 3948 1141 4013 Theogn.‚
1179 3946 1386 4012 ἀρητός
1424 3966 1489 3999 ex
1526 3949 1587 3998 Il.
1625 3950 1713 3999 Pr.
1756 3947 1793 4000 Ρ
1830 3953 1920 4006 37,
1959 3949 2183 4015 μιςητός
2219 3949 2408 3999 addidi
2445 3954 2670 4014 proptor
2705 3946 2953 4012 Μιςητός
2989 3963 3078 4013 ap.
3115 3948 3194 3998 St.

624 4019 705 4074 Β..
742 4033 862 4066 cum
887 4031 992 4080 quo
1028 4020 1251 4081 propter
1274 4022 1557 4066 accentum
1585 4032 1838 4082 compara
1876 4017 2192 4082 Ἀγαπητόε
2219 4016 2462 4082 Φιλητός
2499 4033 2587 4082 ap.
2613 4016 2806 4067 Lehrs.
2834 4017 2999 4066 Arist.
3024 4032 3074 4081 p.
3098 4018 3198 4066 282

624 4084 709 4135 od.
744 4085 827 4146 11,
865 4082 1070 4149 νοητός
1105 4112 1171 4119 -
1208 4083 1609 4149 παραμυθητός
1646 4102 1719 4135 ex
1747 4085 1810 4138 11.
1851 4087 1937 4139 Pr.
1973 4085 1992 4136 ¹
2032 4088 2147 4149 526,
2186 4084 2434 4151 ἄκμητος
2471 4102 2538 4136 ex
2573 4084 2636 4153 13.
2671 4084 2759 4133 Pr.
2798 4081 2836 4135 C
2872 4086 2998 4146 410,
3043 4083 3190 4133 unde

622 4159 922 4204 extremam
967 4157 1179 4217 partem
1227 4152 1292 4202 dc
1336 4151 1510 4217 ἄητοε
1556 4153 1661 4202 huc
1706 4154 1899 4219 retpli3
1948 4170 2035 4218 ap.
2080 4154 2367 4205 Arcadium
2413 4153 2617 4218 legitur
2659 4150 2902 4217 ἄκλητος
2947 4149 3118 4216 ἄητο(
3164 4151 3197 4202 ὁ

622 4218 1049 4272 ἀκατάπαυςτος
1087 4219 1237 4285 παρὰ
1272 4219 1340 4272 τὸ
1379 4220 1506 4272 ἐτός
1543 4220 2042 4286 προπαροξύνεται.
2198 4223 2232 4274 l.
2275 4226 2335 4273 15
2372 4222 2517 4271 hunc
2552 4236 2815 4270 canonem
2850 4221 2971 4285 ipse
3009 4219 3197 4270 addidi

621 4289 1102 4409 3533222535232
1123 4286 3196 4423 ffipSJflssss-asc'iisstffvffnssssssssoeRffsszissssssssscp'aesspssimn{ffssbcfiffiffissss'

620 4426 783 4476 Proll.
830 4428 929 4476 379
973 4442 1040 4475 ex
1087 4426 1164 4476 St.
1212 4429 1272 4479 B.
1324 4427 1482 4491 posui
1540 4442 1635 4490 pro
1681 4395 1927 4490 Δήριτός
1971 4427 2194 4476 Arcadii
2251 4432 2307 4476 et
2352 4424 2638 4490 Ἀδήριτος
2680 4425 2927 4490 Theogn.
2973 4428 3065 4486 75,
3113 4426 3195 4486 23,

621 4491 912 4558 Φώκριτος
949 4509 1071 4543 cum
1107 4495 1239 4545 Lob.
1281 4510 1376 4558 pro
1416 4492 1686 4558 Ὀῖκριτος
1724 4494 1971 4559 Theogn.
2020 4502 2076 4544 et
2111 4494 2367 4558 ''Axprroc
2403 4494 2632 4555 Arcad.;
2671 4492 2955 4556 Ἀγχιτος,
2997 4490 3195 4556 Ἀφρό-

620 4562 769 4612 διτος
806 4578 873 4611 ex
910 4562 1159 4626 Theogn.
1198 4562 1391 4612 addita
1428 4566 1574 4645 sunt3
1645 4560 1908 4623 ἁμαξιτός
1947 4563 2164 4628 explevi
2211 4579 2278 4612 ex
2315 4561 2395 4611 St.
2435 4563 2519 4620 B„
2558 4559 2826 4625 Λυχνιτός
2873 4577 2940 4611 ox
2985 4559 3195 4622 eodem,

620 4630 979 4762 ³¹13?ssssssssss
999 4629 1291 4761 ami&
1310 4628 1850 4763 .33*;52..22*;‘3,‘32,
1872 4626 2866 4760 di'ffixass‘ssff..}510.⁵;5120<“2¹..tw
2872 4627 3025 4762 ..3³93
3028 4641 3196 4746 Ἵέἰξὲ

622 4771 816 4830 parato
861 4766 1141 4831 Stephano
1195 4783 1302 4817 non
1355 4771 1616 4816 accurato
1670 4766 1878 4817 dictum
1926 4772 2029 4817 est.
2109 4766 2331 4830 δήριτος
2386 4766 2445 4816 ἰιι
2491 4765 2595 4816 fine
2643 4765 2903 4818 Schmidt.
2950 4763 3194 4827 seclusit,

623 4834 876 4897 equidem
921 4835 977 4884 in
1013 4834 1118 4884 hac
1162 4850 1294 4885 voce
1331 4834 1545 4899 θέριτος
1590 4837 1860 4885 contineri
1904 4836 2164 4896 arbitror,
2211 4837 2365 4886 cuins
2409 4838 2695 4886 accentum
2741 4834 2812 4885 ad
2847 4833 3075 4886 Arcadii
3119 4833 3195 4884 di-

625 4903 971 4953 stinctionem
1004 4902 1155 4954 inter
1189 4900 1401 4968 ἄμητος
1439 4909 1496 4953 et
1532 4900 1743 4969 ἀμητός
1781 4904 2202 4955 accommodavi.
