3664 5546
624 317 750 383 338
1151 274 1161 288 ’
1562 317 1646 372 εκ
1684 318 1824 372 τΩΝ
1867 318 2275 379 ΗΡΩΔιΑΝοΥ
2332 312 2335 313 ἢ

796 488 889 552 Τὰ
934 486 1023 552 εἰς
1077 473 1150 567 ἰ’-η
1195 488 1438 566 θηλυκὰ
1483 488 1602 552 οὐκ
1632 488 1799 554 ἔςτιν
1830 489 2077 571 εὑρεῖν,
2124 488 2178 552 εἰ
2223 489 2304 566 μὴ
2336 488 2541 567 μόνον
2571 488 2648 551 τὸ
2693 487 2882 566 αὐξή
2927 488 3031 551 καὶ
3059 488 3219 552 αὐτὸ

567 584 576 589 ’
624 590 991 671 ἀμφίβολον
1035 590 1183 668 περὶ
1225 590 1452 655 τόνον’
1509 590 1571 654 οἱ
1626 591 1741 669 μὲν
1800 591 1924 669 γὰρ
1985 590 2324 670 βαρύνουςι
2375 590 2674 667 λέγοντες
2720 589 2879 654 αὐτὸ
2933 587 3066 653 ἀπὸ
3109 593 3219 667 τῆς

626 691 875 770 αὔξηςις
920 690 1393 774 ἀποκεκόφθαι,
1439 691 1568 767 ἐγὼ
1616 694 1686 755 δὲ
1732 693 2245 771 ςυγκατατίθεμαι
2292 695 2430 757 τοῖς
2475 689 2828 758 ὀξύνουςιν.

795 793 888 857 Τὰ
934 792 1022 857 εἰς
1066 797 1153 872 π-η
1199 793 1543 873 διςύλλαβα
1587 793 1824 872 ἔχοντα
1868 796 1984 872 τὴν
2028 794 2157 872 πρὸ
2202 794 2429 858 τέλους
2474 794 2789 873 ςυλλαβὴν
2834 793 2922 857 εἰς
2953 797 3220 873 φωνῆεν

547 905 580 955 5
626 895 947 972 λήγουςαν
979 896 1059 974 μὴ
1090 896 1166 959 τό
1199 898 1238 957 ὄ
1267 896 1307 973 ἢ
1336 897 1370 957 ἶ
1402 895 1771 978 βαρύνεται,
1803 897 2038 974 νάπη·
2085 895 2211 960 ἔςτι
2247 896 2348 959 καὶ
2380 894 2597 972 Νάπη
2629 893 2815 959 πόλις
2846 894 3107 977 Λέςβου,
3136 897 3218 972 ἢν

621 996 845 1074 Λάπην
876 994 1175 1075 ὀνομάζει
1202 996 1567 1062 Ἑλλάνικος
1597 995 1667 1060 ἐν
1700 997 1981 1080 δευτέρῳ
2004 997 2380 1076 Λεςβιακῶν.
2419 996 2652 1079 λύπη,
2680 996 2804 1059 ςκέ
2816 1017 2946 1077 πη,
2978 998 3220 1083 κώπη·

622 1097 735 1161 eici
777 1099 880 1162 καὶ
918 1097 1175 1163 Κῶπαι
1212 1099 1398 1163 πόλις
1429 1099 1798 1175 Βοιωτιακή.
1858 1097 2145 1177 Ὅμηρος
2179 1124 2204 1155 «
2225 1099 2453 1162 Κώπας
2489 1097 2788 1175 Εὔτρηςίν
2818 1118 2927 1162 τε»
2960 1099 3037 1179 (Β
3063 1095 3220 1177 502)

623 1197 755 1263 ἀπὸ
815 1200 1092 1263 Κωπέως
1147 1203 1265 1264 τοῦ
1317 1199 1695 1264 Πλαταιέως
1747 1203 1864 1262 τοῦ
1910 1198 2258 1278 Ὀγχηςτοῦ
2303 1203 2419 1263 τοῦ
2469 1200 2900 1264 Ποςειδῶνος.
2989 1199 3218 1279 ςήπη,

624 1301 871 1383 λώπη,
920 1301 1154 1383 γύπη,
1194 1301 1393 1378 κύπη
1437 1299 1614 1365 εἶδος
1657 1300 1919 1364 πλοίου·
1974 1300 2099 1364 ἔςτι
2144 1302 2247 1364 καὶ
2291 1298 2567 1365 (ικελίας
2609 1302 2930 1382 φρούριον
2982 1300 3218 1379 Κύπη.

529 1409 591 1459 10
626 1399 919 1466 Φίλιςτος
962 1399 1298 1468 (ικελικῶν
1341 1402 1566 1486 ἐνάτῳ.
1641 1401 1906 1466 Ῥύπαι
1952 1401 2139 1466 πόλις
2184 1402 2452 1481 Ἀχαϊκή.
2514 1403 2763 1479 λέγεται
2807 1403 2909 1466 καὶ
2953 1401 3217 1479 Ῥιπαίη.

628 1503 877 1567 Κάπαι
909 1504 1096 1568 πόλις
1125 1502 1591 1581 Ἑλληςποντία.
1640 1504 2024 1582 Ἀνδροτίων
2056 1503 2114 1578 γ’
2146 1503 2441 1569 Ἀτθίδος.
2488 1506 2564 1569 τὸ
2597 1506 2668 1568 δὲ
2697 1504 2894 1581 τυπή
2925 1503 3216 1587 ὀξύνεται

623 1605 726 1667 καὶ
770 1605 844 1668 τὸ
893 1604 1097 1683 ῥοπή
1143 1605 1522 1681 καὶτροπή
1570 1606 1673 1668 καὶ
1715 1604 1867 1682 ὀπή
1913 1605 2016 1668 καὶ
2059 1606 2326 1682 κλοπή.
2387 1607 2489 1668 καὶ
2534 1604 2736 1684 ῥιπή.
2795 1606 2871 1669 τὸ
2904 1606 2975 1669 δὲ
3005 1604 3217 1682 Ῥίπη

624 1704 953 1783 Ἀρκαδικὴ
999 1706 1185 1769 πόλις
1231 1705 1565 1785 βαρύνεται
1605 1692 1700 1771 ἐἰς
1744 1706 2027 1783 ἰδιότητα
2058 1705 2306 1784 «Ῥίπην
2351 1727 2418 1770 τε
2453 1705 2752 1785 (τρατίην
2795 1727 2907 1771 τε»
2937 1707 3015 1786 (Β
3044 1704 3216 1786 606).

795 1806 887 1871 Τὰ
931 1805 1020 1870 εἰς
1074 1808 1162 1884 πῆ
1210 1806 1553 1886 διςύλλαβα
1597 1806 1832 1885 ἔχοντα
1877 1809 1993 1885 τὴν
2038 1809 2166 1886 πρὸ
2210 1804 2437 1872 τέλους
2493 1808 2581 1873 εἰς
2632 1808 2983 1888 ςύμφωνον
3027 1827 3216 1872 κατα·

524 1918 585 1969 15
627 1907 948 1984 λήγουςαν
1007 1907 1376 1990 βαρύνεται,
1432 1907 1665 1991 ἅρπη,
1724 1908 2008 1988 λάμπη·
2082 1909 2208 1974 ἔςτι
2265 1911 2366 1974 καὶ
2419 1909 2689 1989 Λάμπη
2743 1910 2930 1974 πόλις
2979 1909 3217 1986 Κρήτης

625 2008 1096 2089 Ἀγαμέμνονος
1140 2009 1355 2088 κτίςμα
1399 2007 1530 2073 ἀπὸ
1575 2010 1845 2090 Λάμπου
1888 2014 2006 2074 τοῦ
2051 2011 2388 2089 Ταρραίου.
2476 2010 2603 2076 ἔςτι
2649 2013 2754 2075 καὶ
2795 2011 3063 2089 δευτέρα
3104 2014 3218 2087 τῆς

624 2109 1051 2189 Ἀκαρνανίας.
1098 2112 1202 2175 καὶ
1244 2112 1417 2189 τρίτη
1462 2115 1573 2189 τῆς
1616 2111 2019 2192 Ἀργολίδος,
2069 2112 2159 2177 ῶς
2203 2111 2436 2178 Φίλων.
2525 2112 2775 2177 Ξενίων
2822 2114 2892 2177 δὲ
2938 2112 3009 2176 ἐν
3058 2111 3216 2190 Κρη-

621 2213 817 2275 τικοῖς
873 2212 978 2275 διὰ
1037 2211 1156 2279 δύο
1211 2214 1316 2276 ffv‘r
1367 2213 1601 2293 γράφει
1656 2214 1772 2291 τὴν
1828 2214 2020 2277 πόλιν
2078 2216 2192 2292 τὴν
2243 2214 2561 2292 Κρητικήν.
2650 2215 2753 2278 καὶ
2807 2215 2913 2278 διὰ
2963 2214 3084 2278 δύο
3129 2216 3219 2277 ff&

621 2313 722 2376 καὶ
767 2313 872 2377 διὰ
915 2316 1032 2378 τοῦ
1075 2318 1133 2392 ἦ.
1226 2315 1488 2393 Κάλπη
1533 2316 1609 2379 τὸ
1656 2313 1826 2393 ὄρος.
1896 2314 2021 2379 ἔςτι
2068 2317 2169 2378 καὶ
2212 2316 2399 2380 πόλις
2445 2317 2747 2380 Βιθυνῶν.
2823 2315 3217 2394 Θεόπομπος

520 2425 588 2474 20
624 2412 841 2499 ὀγδόῳ
909 2414 1308 2506 Ἑλληνικῶν.
1420 2416 1668 2492 λέγεται
1730 2418 1832 2480 καὶ
1902 2416 2207 2498 Κάρπεια,
2283 2418 2562 2498 ςάλπη,
2629 2416 2882 2496 κάμπη
2951 2418 3212 2498 ςκώληξ,

551 2530 567 2543 ·
620 2517 876 2595 καμπή
923 2519 995 2581 δὲ
1037 2517 1077 2594 ἡ
1123 2516 1377 2597 κάμψις.
1467 2517 1788 2597 Τράμπη
1845 2517 2032 2582 πόλις
2078 2518 2341 2599 Ἰωνίας,
2397 2519 2641 2596 Ἄμπη
2686 2519 2872 2582 πόλις
2928 2518 3093 2596 πρὸς
3136 2524 3215 2601 τῇ

623 2616 888 2701 Ἐρυθρᾷ
932 2619 1223 2701 θαλάςςῃ.
1281 2617 1634 2696 Ἡρόδοτος
1678 2620 1823 2702 ἕκτῃ
1871 2616 1957 2701 (ο.
1989 2618 2117 2699 20).
2178 2620 2440 2697 Τάρπη
2487 2619 2675 2684 πόλις
2721 2619 2995 2684 Ἰταλίας.
3039 2618 3211 2682 Ὄλ-

621 2738 757 2783 παι
813 2719 1135 2799 φρούριον
1190 2720 1412 2786 κοινὸν
1458 2720 1867 2799 Ἀκαρνάνων
1922 2721 2025 2785 καὶ
2079 2720 2485 2801 Ἀμφιλόχων
2540 2721 2955 2800 δικαςτήριον.
3044 2720 3212 2785 Θου·

620 2821 876 2900 κυδίδης
933 2823 1107 2907 τρίτῃ
1161 2824 1246 2904 (ο.
1299 2821 1463 2903 105).
1565 2821 1883 2886 (τίλπαι
1937 2823 2123 2887 πόλις
2179 2822 2494 2887 (ικελίας..
2570 2822 2830 2901 πόρπη
2894 2824 3069 2902 παρὰ
3134 2825 3212 2887 τὸ

518 2937 585 2986 25
619 2922 838 3001 πείρω.
927 2925 1001 2989 τὸ
1062 2926 1132 2988 δὲ
1188 2924 1446 3002 μολπή
1503 2921 1634 2987 ἀπὸ
1691 2927 1806 2987 τοῦ
1862 2923 2083 3002 μέλπω
2140 2927 2243 2990 καὶ
2297 2925 2793 3003 πομπή“παρὰ
2847 2926 2923 2989 τὸ
2978 2925 3210 3003 πέμπω
3288 2961 3311 2975 ·

620 3023 930 3092 ὀξύνεται.
1018 3025 1093 3088 τὸ
1140 3026 1211 3088 δὲ
1254 3024 1534 3103 Πόμπη
1578 3023 1800 3102 κύριον
1845 3024 1924 3090 ὂν
1970 3027 2415 3104 παροξύνεται.

789 3126 883 3190 Τὰ
926 3125 1016 3190 εἰς
1060 3128 1148 3203 ‘rt—n
1203 3126 1388 3203 κύρια
1443 3122 1600 3189 ὄντα
1644 3126 2154 3208 ὑπερδιςύλλαβα
2200 3128 2565 3209 βαρύνεται,
2617 3128 3039 3205 Καλλιόπη·
3085 3126 3210 3192 ἔςτι

755 3346 790 3396 l.
831 3348 854 3395 1
906 3363 1002 3413 pro
1040 3346 1265 3398 Arcadii
1291 3347 1495 3398 ‘verbis
1539 3345 1611 3397 τὰ
1656 3345 1736 3398 εἰς
1781 3333 1869 3413 fri·
1917 3347 1986 3398 τὸ
2032 3347 2171 3414 αὔξη
2210 3349 2440 3414 εὕρηται
2487 3349 2801 3415 βαρύτονον
2836 3352 2994 3417 posui
3031 3351 3212 3400 Theo-

620 3415 806 3480 gnosti
857 3415 1029 3465 verba
1082 3432 1132 3481 p.
1174 3416 1296 3477 116,
1332 3415 1367 3464 4
1408 3415 1487 3465 ita
1539 3422 1601 3465 nt
1653 3431 1751 3480 pro
1789 3415 2132 3480 Ἡρωδιανὸς
2186 3416 2246 3468 δὲ
2293 3421 2586 3483 ςυνηγορεῖ
2638 3419 2932 3469 scriberem
2986 3417 3102 3481 ἐγὼ
3146 3417 3209 3469 δὲ

620 3479 1101 3545 ςυγκατατίθεμαι.
1147 3484 1254 3533 Hic
1290 3481 1549 3550 explicite
1585 3483 1961 3534 Herodianum
1998 3484 2066 3534 de
2103 3491 2335 3550 utraque
2371 3486 2554 3535 tonosi
2589 3487 2843 3537 vocabuli
2882 3485 3209 3537 disseruisse

620 3555 778 3615 patet
814 3567 884 3600 ex
919 3550 1186 3616 Theogn„
1225 3551 1319 3615 qui
1354 3549 1512 3601 addit
1548 3549 1653 3601 κᾶν
1689 3549 1852 3614 ἡμεῖς
1874 3550 1959 3606 ,τὰ
1981 3553 2084 3615 τῆς
2122 3550 2452 3618 ςυνηγορίας
2489 3551 2819 3622 ἐκκλίνομεν
2855 3553 2944 3605 διὰ
2977 3553 3047 3604 τὸ
3086 3553 3209 3605 ςύν-

619 3631 827 3681 τομον,
884 3616 1016 3669 οὐδὲ
1062 3617 1167 3682 γὰρ
1220 3618 1350 3682 περὶ
1393 3616 1587 3668 τόνων
1641 3616 1880 3683 γράφειν
1925 3617 2263 3684 ὠρμήμεθα..
2324 3621 2595 3672 Arcadius
2640 3622 2865 3672 nimium
2914 3623 3210 3673 brevitatis

619 3685 905 3736 studiosus
948 3701 1069 3737 eum
1116 3691 1332 3737 tantum
1377 3692 1662 3737 accentum
1707 3695 2118 3751 commemorat,
2174 3703 2334 3753 quem
2380 3688 2734 3740 Herodianus
2785 3706 2893 3741 non
2948 3690 3019 3739 ab
3064 3690 3211 3740 omni

621 3753 839 3817 quidem
875 3759 1033 3818 parte
1071 3754 1511 3820 improbabilem,
1559 3754 1657 3805 sed
1702 3754 1867 3805 alteri
1903 3756 2339 3821 postponendum
2384 3759 2863 3822 pronunciaverat.
2935 3757 3208 3807 Accurate

622 3820 690 3870 de
724 3820 831 3871 hac
868 3836 1001 3872 voce
1039 3825 1156 3887 egit
1190 3823 1328 3873 Lob.
1364 3821 1556 3873 Rhem.
1594 3838 1645 3887 p.
1671 3822 1771 3871 267
1809 3838 1959 3888 seqq.
2131 3824 2168 3879 l.
2208 3827 2240 3875 5
2276 3840 2373 3889 pro
2407 3827 2493 3890 τῷ
2530 3827 2563 3874 ὃ
2600 3826 2795 3890 scripsi
2829 3824 2898 3875 τὸ
2936 3828 2968 3876 ὃ
3005 3830 3063 3874 et
3099 3823 3134 3888 ἢ
3174 3827 3204 3875 ἶ

619 3887 810 3938 addidi
848 3905 914 3940 ex
951 3890 1016 3940 Il.
1051 3892 1144 3941 Pr.
1181 3887 1220 3942 Ε
1255 3891 1384 3941 887:
1420 3892 1687 3955 τυπῇςινῑ
1728 3887 1806 3941 ώς
1845 3890 2136 3956 πληγῇςιν.
2174 3890 2325 3943 δοκεῖ
2362 3891 2423 3943 δὲ
2460 3890 2538 3943 ὡς
2575 3890 2719 3956 πρὸς
2754 3892 2863 3957 τὴν
2898 3890 3208 3954 ἀναλογίαν

620 3958 988 4020 ςημειοῠςθαι.
1039 3957 1113 4009 τὰ
1147 3956 1253 4020 γὰρ
1292 3953 1369 4008 εἰς
1405 3961 1487 4020 π-ἠ
1524 3955 1787 4022 (καθαρὰ)
1827 3962 2107 4024 μονογενῆ
2144 3958 2441 4022 διςύλλαβα
2477 3960 2628 4023 φιλεῖ
2665 3959 3006 4023 βαρύνεςθαι.
3061 3957 3110 4010 εἰ
3145 3959 3207 4011 δὲ

619 4022 906 4089 ὀξύνεται,
952 4024 1066 4089 ἔχει
1112 4025 1225 4089 πρὸ
1269 4023 1471 4076 τέλους
1517 4025 1552 4088 ἢ
1587 4028 1623 4076 ῖ
1658 4024 1694 4089 ἢ
1732 4027 1778 4076 ὃ.
1849 4027 1976 4078 πῶς
2011 4026 2116 4078 οὖν
2149 4027 2221 4078 τὸ
2259 4025 2411 4091 τυπή
2453 4027 2630 4090 μόνον
2666 4026 3015 4110 ὀξυνόμενον
3047 4030 3133 4092 τῷ
3172 4030 3206 4077 ῦ

617 4091 945 4223 ἕὲρὲἒ.ήὲῗῖ’
961 4094 1102 4211 ἀξξ
1131 4092 3209 4229 k3b4a3h22¹413⁶iffl222024{{0{}z¹.¹·1{3·,35,“‡33„¹31333²⁰3¹333&
3260 4131 3277 4140 “

617 4244 672 4292 p.
711 4231 834 4291 116,
875 4230 965 4286 24,
1016 4226 1177 4293 Κύπη
1216 4244 1284 4279 ex
1320 4228 1400 4278 St.
1439 4230 1527 4292 B.²
1582 4230 1715 4279 item
1753 4227 1950 4280 Ῥύπαι
1997 4236 2052 4281 et
2103 4228 2307 4295 Κάπαι,
2355 4229 2470 4295 ὀπή
2519 4236 2576 4281 et
2619 4229 2805 4295 κλοπή
2853 4247 2922 4282 ex
2958 4231 3207 4295 Theogn.

615 4295 650 4345 l.
690 4298 752 4346 12
790 4299 848 4346 et
883 4298 976 4358 13,
1013 4293 1149 4360 ῥιπή
1186 4302 1243 4346 et
1279 4293 1439 4361 Ῥίπη
1478 4313 1544 4347 ex
1579 4297 1826 4361 Theogn.
1867 4300 1983 4361 117,
2023 4301 2050 4348 1
2090 4299 2278 4349 collat.
2316 4299 2394 4352 St.
2431 4301 2494 4348 B.
2532 4315 2574 4349 s.
2612 4315 2693 4362 v.,
2730 4300 2826 4350 ubi
2864 4299 3071 4350 diserte
3108 4297 3207 4348 ad-

617 4362 767 4414 ditur
803 4361 1146 4428 βαρύτονον,
1185 4369 1243 4414 et
1278 4366 1345 4415 11.
1381 4365 1471 4415 Pr.
1511 4364 1549 4416 Β
1587 4366 1687 4415 606
1725 4369 1784 4414 et
1819 4364 1831 4415 Ι
1876 4367 1996 4427 150,
2049 4365 2195 4417 unde
2242 4364 2320 4417 εἰς
2367 4364 2621 4432 ἰδιότητα
2666 4366 2895 4418 adieci.=
3068 4366 3103 4416 l.
3144 4369 3209 4416 15

616 4428 850 4496 Λάμπη,
890 4429 1116 4496 Κάλπη,
1156 4429 1396 4497 Τράμπη
1433 4460 1499 4468 —-
1536 4429 1770 4484 Ετίλπαι
1807 4432 1993 4483 addidi
2040 4450 2107 4484 ex
2156 4435 2236 4484 St.
2274 4437 2363 4494 B„
2412 4434 2607 4500 πόρπη
2654 4452 2722 4486 ex
2767 4435 2833 4485 Il.
2878 4437 2969 4486 Pr.
3007 4432 3046 4487 Ε
3080 4437 3205 4484 202:

537 4521 566 4544 α
617 4497 689 4549 τὰ
726 4497 805 4551 είς
841 4502 874 4562 ἠ
914 4499 944 4549 λ
988 4513 1164 4562 γοντα
1201 4499 1418 4565 θηλυκὰ
1465 4499 1606 4563 μετὰ
1651 4499 1961 4564 ςυμφώνου
2007 4501 2304 4565 διςύλλαβα
2350 4501 2635 4565 ὀξύνεται,
2681 4506 2768 4568 τῷ
2804 4505 2836 4552 ὃ
2882 4500 3208 4567 παραληγό-

620 4580 788 4631 μενα,
838 4565 887 4618 εἰ
922 4582 958 4630 γ
990 4582 1147 4619 νοιτο
1183 4566 1300 4620 ἀπὸ
1345 4566 1618 4633 ῥημάτων
1654 4572 1739 4634 τῷ
1777 4571 1808 4619 ἒ
1846 4569 2335 4635 παραληγομένων
2374 4569 2531 4638 μόνῳ
2576 4568 2702 4622 οἷον
2739 4569 2930 4634 ςτέφω
2969 4568 3205 4635 (τροφή,

613 4635 828 4699 τροπή,
866 4634 1043 4702 ῥοπή,
1084 4636 1323 4701 ςπονδή,
1362 4636 1535 4701 νομή,
1574 4635 1744 4700 ὁλκή,
1793 4637 2003 4703 πλοκή’
2057 4638 2244 4690 οὕτως
2290 4638 2379 4688 καὶ
2426 4638 2627 4703 φορβή.
2698 4637 3017 4703 προςέθηκα
3051 4640 3138 4702 τῷ
3173 4639 3208 4687 ἒ

612 4702 1867 4836 ῗῖἓῗλέἔῖἷιὶᾜπ’ἒίῖἓᾈέἔὲεὲῗ-Ἅῗέῗγὲ
1904 4706 1974 4756 ‘⁶’
2011 4706 2230 4772 'mm‘
2269 4709 2444 4757 ‘⁰⁰¹⁰
2480 4706 2587 4772 γὰρ
2624 4706 2776 4770 “⁰¹⁸²
2810 4706 2880 4756 τὸ
2919 4704 3115 4769 “ε“’“”
