3664 5546
535 235 545 246 ’
578 269 705 334 346
1516 268 1599 323 εκ
1640 267 1779 322 τΩΝ
1796 304 1802 310 .
1822 268 2232 323 ΗΡΩΔιΑΝοΥ

577 442 880 523 ςκάφιον,
939 430 1226 522 κν’ήφη,
1280 440 1646 519 ἀκαλήφη
1702 441 1741 520 ἡ
1798 439 1992 518 κνίδη.
2080 437 2157 504 τὸ
2212 441 2284 503 δὲ
2345 439 2644 520 ἀλοιφή
2700 439 2989 507 ὀξύνεται
3045 442 3169 506 δύο

576 544 922 623 φωνήεντα
966 543 1138 621 ἕχον.

744 645 838 710 Τὰ
903 644 992 708 εἰς
1060 645 1155 724 φ-ιὶ
1220 643 1728 723 ὑπερδιςύλλαβα
1795 641 1980 722 κύρια
2045 643 2083 721 ἢ
2151 643 2649 723 παραληγόμενα
2704 647 2746 707 ἃ
2805 643 3166 726 βαρύνεται,

481 774 493 785 ·
574 746 870 828 ἀράφη,
915 746 1203 827 Ἀνάφη
1246 750 1448 836 νῆςοςἱ
1485 745 1592 825 μία
1655 749 1785 810 τῶν
1834 743 2189 823 (ποράδων
2243 746 2510 823 πληςίον
2553 746 2797 826 Θήρας,
2854 746 2988 823 ἣτις
3031 745 3167 811 ἀπὸ

499 861 532 909 5
579 848 989 928 Μεμβλιάρου
1033 852 1150 912 τοῦ
1197 849 1309 912 ςὺν
1359 846 1587 930 Κάδμῳ
1632 847 2030 913 πλεύςαντος
2073 847 2163 913 εἰς
2219 847 2593 926 ἀναζήτηςιν
2638 846 2946 927 Εὐρώπης
2993 848 3165 926 Μεμ-

575 950 831 1030 βλίαρος
876 949 1192 1014 ἐκαλεῖτο·
1237 952 1375 1014 τοῖς
1421 949 1487 1012 δ’
1534 949 1984 1027 Ἀργοναύταις
2041 949 2167 1014 ὑπὸ
2225 953 2537 1029 χειμῶνος
2591 949 3009 1029 τρυχομένοις
3064 949 3168 1012 καὶ

575 1052 966 1131 ςκοτομήνης
1037 1050 1439 1131 ἀναφανεῑςα
1505 1050 1749 1131 Ἀνάφη
1819 1052 2233 1131 ἐπικέκληται.
2340 1051 2676 1131 ςκιδάφη
2755 1050 2793 1127 ἡ
2880 1049 3164 1132 ἀλώπηξ,

573 1154 878 1234 Ἱεράφη
935 1156 1125 1230 νῆςος
1177 1151 1423 1232 Λιβύης.
1513 1152 1837 1219 Ἑκαταῖος
1904 1154 2283 1233 περιηγήςει.
2374 1151 2638 1233 Ἐρίφη
2695 1152 2933 1230 κύριον.
3019 1152 3163 1230 Τη-

575 1255 772 1334 λέφη
819 1255 857 1332 ἡ
902 1257 1014 1332 τῆς
1058 1253 1366 1333 Εὐρώπη(
1411 1254 1644 1337 μήτηρ,
1689 1256 1728 1332 ἣ
1775 1257 1880 1321 καὶ
1922 1255 2225 1336 Τηλεφάη
2269 1258 2565 1320 καλεῖται.

474 1366 540 1417 10
744 1356 839 1420 Τὰ
893 1355 980 1420 εἰς
1022 1357 1108 1432 ’χῆ
1149 1355 1492 1436 διςύλλαβα
1542 1357 2040 1437 παραληγόμενα
2090 1358 2415 1437 φωνήεντι
2457 1356 2890 1435 προςηγορικὰ
2946 1353 3164 1421 ὀξύνε-

571 1478 706 1539 ται,
771 1456 948 1537 ἠχή,
1008 1458 1284 1539 βληχή,
1343 1458 1581 1537 ψυχή’,
1654 1459 1895 1538 βρυχὴ
1965 1459 2003 1522 ὸ
2059 1459 2327 1540 manoe,
2387 1458 2662 1539 βροκή,
2726 1457 2903 1538 ὀχή,
2958 1457 3034 1522 τὸ
3093 1458 3165 1521 δὲ

570 1558 651 1622 Ὅ
673 1579 763 1637 χη
818 1557 975 1637 ὄρος
1029 1563 1141 1636 τῆς
1185 1558 1450 1637 Εὐβοίας
1507 1559 1858 1639 βαρύνεται.
1959 1561 2189 1639 ἐκλήθη
2248 1561 2318 1623 δὲ
2362 1559 2437 1624 τὸ
2483 1559 2638 1636 ὄρος
2682 1558 2813 1623 άπὸ
2870 1562 2981 1637 τῆς
3035 1559 3166 1623 ἐκεῖ

574 1659 786 1739 ὀχείας
839 1661 977 1738 ἤτοι
1032 1664 1162 1724 τῶν
1217 1663 1386 1725 θεῶν
1444 1659 1668 1738 μίξεως
1721 1661 1886 1725 Διὸς
1952 1662 2053 1725 καὶ
2097 1661 2299 1738 Ἥρας
2354 1662 2391 1738 ἢ
2450 1660 2682 1725 διὰ“τό
2739 1660 2819 1724 τὰ
2874 1658 3165 1739 πρόβατα

574 1763 918 1827 κυῖςκεςθαι
978 1760 1336 1840 ὀχευόμενα
1381 1760 1452 1826 ἑν
1506 1768 1600 1844 τῷ
1642 1763 1841 1846 τόπῳ.
1932 1762 1994 1826 οἱ
2047 1762 2170 1839 γὰρ
2217 1762 2457 1840 Ἀχαιοὶ
2512 1763 2629 1840 τὴν
2685 1761 2939 1840 τροφὴν
2996 1759 3162 1839 ὀχήν

481 1874 539 1925 15
573 1884 742 1943 φαςι.
803 1864 1051 1939 λέγεται
1097 1864 1198 1926 καὶ
1228 1861 1571 1941 ἀρςενικῶς
1602 1862 1640 1927 ὁ
1669 1863 1884 1942 ἷΟχης.
1941 1864 2017 1929 τὸ
2063 1865 2134 1927 δὲ
2178 1862 2365 1942 τύχη
2411 1864 2513 1928 καὶ
2559 1863 2754 1942 μάχη
2797 1860 3163 1941 βαρύνεται·

574 1965 703 2030 ἔςτι
760 1967 832 2029 δὲ
888 1966 991 2029 καὶ
1045 1964 1251 2043 Τύχη
1309 1964 1495 2029 πόλις
1552 1964 1829 2029 (ικελίας
1896 1966 2163 2044 πληςίον
2219 1965 2651 2043 (υρακουςών.
2752 1963 3036 2043 Ἔφορος
3090 1964 3163 2030 ἐν

575 2067 917 2150 δωδεκάτῳ
973 2070 1168 2144 νῆςον
1214 2065 1452 2143 Τυχίαν
1497 2066 1700 2145 φηςίν.
1793 2067 2129 2147 βαρύνεται
2186 2068 2256 2131 δὲ
2311 2067 2414 2130 καὶ
2457 2066 2507 2130 Τ
2521 2068 2752 2143 ρῦχαι
2808 2064 2993 2130 πόλις
3049 2065 3162 2129 Εὐ-

575 2166 766 2248 βοίας.
866 2167 1234 2247 Λυκόφρων
1303 2169 1375 2231 δὲ
1431 2168 1532 2249 (V.
1577 2167 1741 2251 374)
1808 2168 2212 2248 μεταφράςας
2267 2166 2602 2246 Τρύχαντα
2667 2169 2860 2230 καλεῖ.
2958 2168 3035 2231 τὸ
3091 2169 3163 2230 δὲ

576 2270 800 2358 Χωχή
846 2270 1023 2348 κώμη
1068 2269 1232 2346 πρὸς
1280 2274 1370 2351 τῷ
1415 2269 1653 2347 Τίγριδι
1699 2277 1968 2355 ποταμῷ
2014 2269 2320 2337 ὀξύνεται.
2382 2268 2711 2347 Ἀρριανὸς
2742 2266 2987 2351 δεκάτῳ
3021 2269 3166 2331 «καὶ

471 2381 539 2432 20
575 2371 860 2450 βαςιλεὺς
906 2371 972 2435 δ’
1017 2370 1337 2436 ἐξελαύνει
1384 2369 1453 2434 ἐκ
1484 2370 1867 2454 (ελευκείας,
1913 2371 1993 2436 οὐ
2038 2370 2257 2447 πρόςω
2303 2375 2419 2435 τοῦ
2465 2372 2759 2449 ποταμοῦ
2804 2373 2922 2434 τοῦ
2957 2369 3176 2448 Τίγρι--

574 2478 687 2538 δος
734 2472 800 2537 ἐς
845 2473 1091 2552 κώμην,
1135 2472 1298 2554 ᾗτινι
1348 2472 1536 2551 Χωχὴ
1582 2472 1846 2551 ὄνομα».
3116 2529 3124 2536 ,

743 2573 837 2638 Τὰ
881 2573 969 2638 εἰς
1013 2574 1095 2650 ῐῆ
1139 2571 1376 2650 ἔχοντα
1421 2573 1584 2638 ἄλλο
1641 2575 1989 2654 ςύμφωνον
2036 2575 2192 2638 κατὰ
2248 2574 2560 2652 ςύλληψιν
2606 2573 2644 2651 ἢ
2693 2572 3007 2638 διάςταςιν
3053 2577 3161 2652 βα-

575 2675 861 2758 ρύνεται,
941 2674 1209 2756 βάκχη,
1277 2674 1551 2758 κόγχη,
1621 2675 1885 2758 λέςχη,
1966 2676 2237 2758 λόγχη,
2303 2677 2378 2741 τό
2445 2676 2514 2739 δὲ
2580 2674 2843 2753 Λογχή
2919 2674 3160 2755 κύριον,

573 2776 883 2855 Ῥύγχαι
929 2775 1169 2856 χωρίον
1216 2775 1495 2856 Εὐβοίας.
1582 2778 1658 2842 τὸ
1705 2779 1775 2842 δὲ
1820 2776 2016 2857 ἀρχή
2063 2778 2370 2846 ὀξύνεται.

474 2890 540 2940 25
747 2878 841 2942 Τὰ
896 2879 985 2943 εἰς
1027 2882 1109 2956 χῆ
1167 2877 1676 2959 ὑπερδιςύλλαβα
1730 2879 1818 2944 εἰς
1872 2882 1914 2943 ἃ
1970 2882 2008 2959 ἢ
2056 2885 2093 2944 ῦ
2149 2878 2676 2960 ποραληγόμενα,
2732 2879 2785 2942 εἰ
2842 2880 2923 2958 μὴ
2976 2866 3163 2956 ’κύρια

574 2979 703 3061 εἴη,
759 2978 1087 3061 ὀξύνεται,
1145 2981 1528 3062 ςτοναχή,
1592 2983 1923 3063 ταραχή,
1981 2981 2186 3063 ἰαχή,
2243 2981 2528 3062 ἀλυχή,
2587 2980 2899 3060 διδαχή,
2944 2977 3032 3044 ’τὸ
3089 2981 3160 3044 δὲ

575 3080 877 3160 μαλάχη
924 3081 1277 3160 βαρύνεται.
1364 3082 1440 3144 τὸ
1487 3083 1557 3145 δὲ
1605 3081 1935 3162 Μαράχη
1982 3084 2168 3148 πόλις
2211 3084 2433 3161 Ἰνδικὴ
2479 3081 2700 3160 κύριόν
2745 3081 2926 3146 ἐςτιν.

742 3182 837 3246 Τὰ
892 3181 982 3245 εἰς
1037 3185 1118 3260 iffi
1174 3184 1671 3263 παραληγόμενα
1724 3187 1757 3245 ῖ
1811 3185 2177 3266 βαρύνεται,
2233 3184 2536 3262 Δολίχη
2603 3187 2792 3261 νῆςος
2856 3185 3019 3262 πρὸς
3082 3189 3159 3265 τῇ

574 3283 799 3366 Λυκίᾳ,
857 3283 947 3347 ὡς
996 3281 1404 3372 Καλλίμαχος.
1493 3284 1617 3349 ἔςτι
1672 3285 1775 3348 καὶ
1816 3286 2067 3365 Δολίχη
2125 3286 2310 3350 πόλις
2364 3289 2475 3363 τῆς
2524 3285 2952 3364 Κομμαγηνῆς.
3028 3290 3159 3349 δο-

473 3386 752 3462 3ολιχή
812 3384 883 3447 δὲ
938 3382 976 3460 ἡ
1033 3383 1251 3462 μακρά.
1342 3386 1693 3468 μαςτίχη,
1767 3387 2140 3469 ςαβαρίχη
2209 3389 2283 3452 τὸ
2353 3390 2463 3469 τῆς
2519 3387 2819 3461 γυναικὸς
2884 3386 3159 3468 αἰδοῖον,

574 3485 939 3567 πυρρίχη,
989 3486 1347 3565 Μυςτίχη.
1437 3487 1780 3567 Ἐρυςίχη
1838 3489 2024 3553 πόλις
2068 3489 2507 3570 Ἀκαρνανίας,
2564 3488 2700 3566 ἥτις
2745 3486 3009 3566 ὕςτερον
3054 3487 3157 3551 Οἰ-

576 3587 784 3650 νιάδαι
829 3587 1182 3666 ώνομάςθη.
1270 3590 1373 3653 καὶ
1414 3590 1582 3654 τινες
1628 3591 1699 3654 δὲ
1743 3590 1859 3667 τὴν
1906 3590 2124 3668 χώραν
2185 3595 2315 3655 τῶν
2362 3589 2679 3655 Οἰνιαδῶν
2736 3591 2941 3654 πᾶςαν
2987 3589 3157 3667 Ἐρυ-

576 3688 750 3765 ςίχην
795 3687 1131 3769 ώνόμαςαν
1177 3689 1308 3756 ἀπὸ
1355 3690 1670 3768 Ἐρυςίχης
1714 3695 1824 3768 τῆς
1870 3692 2192 3774 Ἀχελῴου
2237 3691 2567 3769 θυγατρός.

742 3809 778 3844 κ·
827 3790 920 3854 Τὰ
966 3790 1053 3856 εἰς
1096 3794 1181 3870 ᾖ
1225 3791 1734 3870 ὑπερδιςύλλαβα
1777 3792 2275 3871 παραληγόμενα
2332 3795 2372 3856 δ
2417 3793 2647 3857 ςπᾶνια
2691 3792 2850 3857 ὄντα
2896 3791 3159 3871 βαρύνε-

473 3900 538 3953 35
574 3912 708 3972 ται,
755 3890 898 3956 οἷον
947 3891 1312 3971 Ἀςτυόχη
1358 3894 1396 3971 ἡ
1442 3893 1643 3971 μήτηρ
1687 3892 2127 3972 Τληπολέμου.

575 4045 765 4110 κνὴφη
805 4047 995 4097 addidi
1030 4062 1095 4095 ex
1130 4046 1376 4110 Theogn.
1418 4047 1536 4103 118.
1573 4048 1622 4097 8.
1762 4092 1769 4099 .
1809 4047 1848 4096 1.
1886 4049 1918 4095 4
1963 4044 2180 4111 Ἀνάφη
2220 4048 2439 4113 explevi
2475 4065 2543 4098 ex
2583 4049 2661 4100 St.
2701 4051 2790 4111 B.‚
2840 4044 3057 4112 Ἱεράφη
3093 4064 3188 4098 ex-

574 4114 763 4164 eodem
802 4114 1018 4175 addidi,
1067 4114 1161 4177 qui
1211 4113 1443 4164 diserte:
1491 4111 1710 4179 Ἱεράφη
1759 4112 1839 4165 ὼε
1878 4112 2122 4178 Ἀνάφη,
2170 4114 2238 4166 de
2277 4113 2469 4180 Ἐρίφη
2516 4117 2588 4169 cf.
2634 4116 2812 4167 Lebrs
2854 4116 3023 4167 Arist.
3060 4116 3160 4166 286

575 4181 686 4243 (ed.
724 4183 827 4244 11);
867 4179 1100 4246 Τηλέφη
1141 4182 1348 4245 sumpsi
1385 4197 1453 4232 ex
1488 4181 1566 4233 St.
1601 4182 1666 4232 B.
1700 4183 1828 4243 316,
1869 4184 1931 4232 15
1970 4189 2025 4232 ot
2061 4185 2188 4245 218,
2231 4187 2307 4237 14.
2451 4184 2485 4233 1.
2524 4186 2582 4234 11
2622 4183 2728 4248 ὀχή
2768 4184 2887 4249 ipse
2925 4183 3160 4249 apposui

575 4254 801 4315 propter
834 4248 978 4313 Ὄχη
1017 4249 1297 4314 proprium
1341 4265 1429 4315 ap.
1467 4249 1548 4301 St.
1587 4251 1675 4309 B.‚
1715 4248 1869 4313 Τύχη
1906 4251 2037 4300 urbs
2081 4255 2139 4301 ot
2175 4250 2384 4315 Τρῠχαι
2432 4250 2626 4302 addita
2673 4257 2801 4303 sunt
2849 4268 2916 4302 ex
2954 4254 3035 4304 St.
3074 4251 3158 4311 B.‚

573 4319 706 4366 item
743 4316 927 4381 Χωχή.
1133 4317 1168 4371 l.
1207 4318 1273 4368 23
1309 4322 1613 4382 promotum
1648 4324 1941 4367 accentum
1985 4319 2193 4383 proprii
2229 4317 2416 4384 Λογχή
2452 4320 2719 4370 Lehrsius
2755 4319 2921 4370 Arist.
2970 4334 3023 4384 p.
3059 4320 3159 4369 267

572 4383 660 4434 ed.
699 4385 756 4435 11
793 4386 853 4434 in
888 4384 1275 4436 insolubilibus
1311 4389 1576 4438 numerat.
1650 4384 2096 4448 Ῥύγχαιαᾶάἰᾶί
2133 4402 2201 4437 ex
2239 4388 2315 4438 St.
2355 4388 2414 4436 B.
2587 4387 2624 4440 l.
2661 4389 2727 4438 26
2763 4385 2941 4450 ἀλυχή
2980 4402 3158 4437 emen-

574 4452 728 4532 flav-it
763 4469 858 4517 pro
904 4450 1098 4516 ἀλωχή
1135 4453 1268 4504 Lob.
1308 4453 1477 4533 Pron:
1514 4456 1639 4535 339,
1687 4455 1859 4503 etiam
1902 4451 2087 4518 ἀμυχή
2135 4471 2469 4536 propo-nem,
2517 4454 2659 4519 quod
2696 4454 3032 4507 Schmidtius
3075 4469 3159 4504 re-

575 4518 1659 4655 3322}LQ3P‘}‘221??3{33}‚232²3¹32‚1X„
1685 4520 1967 4639 11Ξῖαῇοἒ
1966 4519 2293 4654 ἔχε’ὲίἒὲίζῗ
2299 4523 2551 4656 ἴιῖῗὲοἷζ.
2558 4522 2862 4656 ,Βὼὲἆῇἶῗ
2866 4521 3161 4652 Ὧυὲῗὲξξζ

573 4654 640 4702 de
679 4670 784 4718 quo
821 4656 893 4705 cf.
930 4656 1067 4705 Lob.
1103 4657 1139 4705 l.
1180 4673 1246 4719 c.,
1286 4662 1413 4706 sunt
1450 4674 1516 4708 ex
1552 4657 1826 4722 Theogn.,
1867 4654 2113 4721 Ἐρυςίχη
2154 4675 2219 4710 ex
2256 4659 2335 4709 St.
2361 4661 2421 4709 Β.
2536 4658 2573 4712 l.
2614 4662 2678 4711 34
2714 4659 2859 4710 hunc
2892 4673 3160 4710 canonem

454 4731 461 4738 ·
574 4719 704 4771 finxi
740 4731 959 4788 propter
999 4721 1268 4788 Ἀςτυόχη
1306 4740 1395 4791 ap.
1433 4724 1511 4775 St.
1548 4726 1609 4775 B.
1645 4728 1761 4783 290,
1796 4728 1845 4776 5.
3012 4725 3019 4733 ”
