3664 5546
621 280 749 343 446
1560 279 1642 367 fii}
1679 279 1820 333 ΤΩΝ
1865 276 2275 332 ΗΡΩΔΙΑΝΟΥ

626 471 727 514 ται
772 451 844 513 δὲ
891 448 1024 513 ἀπὸ
1068 451 1189 512 τοῦ
1232 449 1420 515 κνίζω
1466 447 1545 513 οὐ
1592 448 1795 527 μόνον
1840 447 1879 525 ἡ
1925 450 2134 530 κνῖςα,
2190 446 2357 511 ἀλλὰ
2411 448 2514 512 καὶ
2565 447 2606 525 ἡ
2662 447 2841 515 κνίζα
2891 449 2981 513 ῶς
3025 447 3220 527 ςχίζω

624 551 813 630 ςχίζα.
886 550 1248 628 Ἀνακρέων
1293 548 1405 633 (fr.
1450 548 1531 613 87
1577 547 1831 633 Bergk)
1847 599 1865 631 ,

942 638 947 643 ’
1198 651 1371 730 κνίζη
1414 672 1508 716 τις
1549 651 1671 729 ἤδη
1704 647 1819 715 ’καὶ
1860 651 2132 731 πέπειροι
2175 651 2428 731 γίνομαι

1200 756 1312 832 ςὴν
1357 753 1463 818 διὰ
1507 753 1927 832 μαργοςύνην.

432 908 453 918 ,
564 864 596 913 5
625 857 702 920 τὸ
748 857 820 920 δὲ
848 855 1077 936 κνύζα,
1121 854 1176 919 εἰ
1221 857 1335 934 μὲν
1366 855 1471 919 ἐπὶ
1506 858 1749 937 φυτοῦ,
1793 855 1954 919 κατὰ
1998 853 2321 932 ςυγκοπήν
2368 853 2533 918 ἐςτιν
2565 851 2710 919 οἷον
2757 854 3218 933 «χαμαιζήλοιο

625 957 970 1038 κονύζης»,
1016 956 1071 1020 εἰ
1114 957 1187 1020 δὲ
1217 956 1322 1020 ἐπὶ
1351 957 1895 1036 παρεφθαρμένου
1923 956 2027 1020 καὶ
2055 955 2547 1036 ἐρρυπωμένου,
2592 954 2714 1019 οὐκ
2752 954 2879 1019 ἔςτι
2909 957 3219 1036 ςυγκοπή,

626 1058 793 1122 ἀλλὰ
838 1057 969 1122 ἀπὸ
1016 1061 1133 1122 τοῦ
1179 1057 1386 1141 κνύω,
1432 1057 1495 1124 ἐξ
1541 1055 1622 1122 οὗ
1665 1058 1769 1121 καὶ
1811 1057 2006 1147 κνύος
2047 1057 2088 1136 ἡ
2134 1056 2366 1135 φθορά.
2444 1055 2681 1135 ὁμοίω(
2726 1058 2798 1121 δὲ
2841 1057 2944 1121 καὶ
2986 1056 3055 1120 ἐκ
3096 1060 3219 1120 τοῦ

626 1166 758 1224 κνῶ
814 1160 917 1223 καὶ
973 1159 1234 1223 κνάπτω
1288 1158 1543 1235 γίνεται.
1584 1206 1597 1217 ι
1635 1159 1726 1223 ῶς
1779 1159 1905 1236 γὰρ
1961 1157 2055 1237 ῥῶ
2113 1158 2335 1236 ῥάπτω
2389 1159 2466 1222 τὸ
2521 1157 2601 1221 τὰ
2652 1158 3072 1236 διαλελυμένα
3126 1156 3222 1222 εἰς

627 1261 818 1340 ῥῶςιν
864 1259 1002 1336 ἄγω
1046 1262 1149 1325 καὶ
1194 1265 1284 1340 βῶ
1330 1260 1552 1342 βάπτω
1595 1261 1672 1325 τὸ
1718 1259 2030 1340 ἐμβιβάζω
2065 1280 2178 1324 ποι
2220 1262 2297 1324 τὸ
2342 1259 2672 1339 ἐνιέμενον
2707 1260 2813 1323 καὶ
2854 1264 2950 1323 θῶ
2994 1259 3220 1324 θάπτω

530 1369 592 1420 10
626 1363 703 1426 τὸ
748 1360 1090 1440 ἀποτίθημι
1133 1363 1251 1440 τὴν
1295 1363 1509 1442 ταφήν
1523 1411 1543 1445 ,
1600 1362 1773 1427 οὕτω
1817 1362 1921 1426 καὶ
1964 1367 2098 1425 κνῶ
2143 1360 2439 1443 κνάπτω,
2496 1359 2620 1440 ἀφ’
2674 1358 2754 1424 οὗ
2800 1361 3048 1441 κνάφος
3091 1381 3218 1440 φυ-

626 1463 743 1527 τὸν
788 1461 1191 1546 ἀκανθῶδες,
1238 1464 1290 1546 ᾧ
1335 1463 1416 1527 τὰ
1458 1462 1683 1527 ἄθικτα
1725 1462 1940 1544 ἱμάτια
1985 1462 2396 1540 ἐπιςύροντες
2439 1461 2949 1540 κατεργάζονται.
3009 1463 3097 1549 ,τὸ
3143 1463 3220 1525 δὲ

626 1556 788 1628 αὐτὸ
835 1564 938 1627 καὶ
979 1564 1276 1646 γνὰπτω,
1323 1564 1475 1629 ὅθεν
1519 1565 1558 1628 ὁ
1603 1565 1889 1644 κναφεὺς
1930 1564 2034 1629 καὶ
2075 1563 2363 1642 γναφεύς
2407 1563 2445 1627 ὁ
2490 1563 2699 1659 αὐτός.

796 1665 891 1729 Τὰ
936 1666 1042 1729 διὰ
1086 1665 1206 1729 δύο
1252 1669 1319 1728 ’ς’ς
1366 1666 1729 1745 βαρύνεται·
1775 1666 1830 1730 εἰ
1873 1666 1946 1729 δέ
1989 1686 2047 1728 τι
2076 1665 2532 1747 περιεςπάςθη,
2575 1668 2770 1729 τοῦτο
2815 1665 2965 1744 παρ’
3008 1663 3222 1743 ὄνομα

628 1766 906 1843 ἐγένετο.
1015 1767 1305 1851 πάςςω,
1371 1767 1716 1850 πλὰςςω,
1783 1767 2069 1850 μάςςω,
2117 1766 2420 1849 νάςςω,
2492 1766 2812 1849 ἱμάςςω,
2880 1764 3222 1848 ἀράςςω,

534 1875 592 1925 15
629 1869 1019 1950 πατάςςω,
1093 1869 1486 1951 χαράςςω,
1560 1867 1951 1953 ἀλλάςςω,
2025 1867 2358 1951 θαάςςω,
2443 1866 2778 1952 ἀνάςςω,
2851 1868 3221 1950 τινάςςω,
3287 1911 3340 1923 .-

629 1969 945 2052 ἐρέςςω,
990 1970 1378 2053 πυρέςςω,
1423 1968 1799 2053 ἀηθέςςω,
1832 1971 2166 2052 πτήςςω,
2200 1969 2481 2052 ῥήςςω,
2526 1969 2867 2051 πλήςςω,
2897 1968 3221 2051 πτίςςω,

629 2070 964 2155 φρίςςω,
1010 2072 1238 2136 λίςςω
1285 2072 1417 2135 «ῶς
1460 2072 1633 2152 φάτο
1671 2073 2037 2151 λιςςόμενος
2067 2072 2227 2150 μέγα
2269 2071 2540 2148 νήπιος»
2586 2071 2679 2153 (Π
2706 2069 2849 2152 46),
2894 2070 3222 2137 δεδίςςω

630 2173 734 2236 καὶ
782 2171 1173 2254 δειδίςςω,
1218 2172 1567 2257 αἰνίςςω,
1613 2174 2032 2256 δρομίςςω,
2078 2172 2355 2236 ἐνίςςω
2394 2172 2470 2236 τό
2526 2171 2788 2253 ἐκφοβῶ
2842 2170 3224 2246 «ἐκπάγλως

627 2275 907 2339 ἐπέεςςιν
963 2273 1315 2353 ἐνιςςέμεν»
1369 2274 1452 2355 (Ο
1503 2273 1680 2358 198),
1740 2275 2043 2359 έλίςςω,
2101 2272 2301 2338 ὄςςω
2347 2273 2838 2352 μετειλημμένον
2893 2272 3025 2337 ἀπὸ
3097 2276 3221 2337 τοῦ

526 2380 596 2432 20
628 2376 842 2458 ὄπτω,
889 2375 1227 2457 πτύςςω,
1268 2375 1553 2458 μύςςω,
1597 2378 1877 2458 νύςςω,
1911 2375 2258 2459 ἀφύςςω,
2294 2374 2624 2459 ὀρύςςω,
2659 2375 3042 2456 κηρύςςω,
3088 2394 3224 2438 κο-

630 2478 913 2559 ρύςςω,
955 2478 1302 2560 πτώςςω,
1334 2478 1675 2561 κνώςςω,
1707 2478 2182 2563 ὀνειρῲςςω,
2216 2475 2720 2560 ἀμβλυώςςω,
2751 2477 3220 2558 τυφλώςςω,

630 2578 723 2654 ἀγ
737 2580 1037 2660 ρώςςω,
1112 2576 1329 2655 «ἰχθῦς
1400 2576 1747 2656 ἀγρώςςων
1806 2578 2040 2644 πυκινὰ
2098 2579 2300 2656 πτερὰ
2371 2579 2621 2643 δεύεται
2690 2577 2895 2663 ἅλμῃ»
2959 2576 3019 2660 (ε
3078 2576 3222 2662 53),

630 2783 791 2832 porro
824 2762 1039 2828 γίνεται
1073 2792 1140 2800 -
1176 2762 1211 2827 ἠ
1250 2760 1408 2818 κνίζα
1444 2769 1501 2815 et
1534 2765 1569 2815 l.
1594 2766 1626 2816 5
1661 2764 1731 2816 τὸ
1767 2763 1828 2816 δὲ
1866 2764 2037 2819 κνύζα
2072 2780 2247 2830 usque
2285 2764 2357 2814 ad
2394 2762 2580 2830 φθορά
2614 2765 2649 2816 1.
2678 2768 2734 2824 7;
2773 2764 2901 2817 inde
2937 2780 3112 2830 usque
3147 2764 3222 2815 ad

630 2834 791 2885 finem
828 2850 897 2883 ex
933 2833 1238 2886 Eustathio.
1410 2833 1447 2883 1.
1486 2835 1548 2884 13
1586 2849 1854 2885 canonem
1890 2833 2113 2885 Arcadii
2150 2834 2230 2884 sic
2265 2834 2573 2892 immutavi,
2609 2844 2674 2884 ut
2708 2835 2881 2886 verba
2919 2832 3224 2884 secundum

629 2902 1057 2967 praecedentem
1094 2902 1345 2951 vocalem
1382 2900 1693 2952 ordinarem
1728 2907 1955 2952 secutus
1990 2903 2094 2966 Ep.
2132 2900 2220 2950 Cr.
2254 2903 2282 2951 I
2317 2903 2410 2965 26,
2447 2903 2479 2949 6
2524 2899 2822 2967 ἀγρώςςωε
2873 2899 3222 2965 παραγωγὰς

631 2969 663 3021 ὁ
699 2967 1008 3034 χαρακτήρ·
1056 2968 1228 3034 ἀγρός
1273 2966 1567 3033 ἀγρώςςω·
1604 2968 1677 3020 τὰ
1720 2968 1809 3020 διὰ
1852 2971 1957 3019 τοῦ
2004 2973 2062 3020 ἴς
2099 2965 2453 3032 ἐκφερόμενα
2497 2967 2720 3033 ῥήματα
2764 2971 2950 3020 ταῦτα
2992 2966 3050 3020 ἐξ
3096 2983 3222 3031 φω-

630 3037 895 3101 νηέντων,
929 3038 1157 3102 (scripsi
1201 3053 1299 3102 pro
1345 3035 1417 3087 τὰ
1469 3034 1527 3088 ἐξ
1573 3035 1935 3100 φωνήεντος)
1983 3034 2251 3098 λαμβάνει
2300 3035 2370 3086 τὸ
2406 3039 2442 3087 ἃ·
2487 3035 2566 3088 ὡς
2611 3037 2681 3088 τὸ
2727 3035 2897 3088 ἄλλος
2941 3033 3222 3100 ἀλλάςςω,

627 3105 699 3155 τὸ
733 3107 768 3155 ἓ
804 3103 882 3155 ὡς
918 3103 988 3155 τὸ
1024 3106 1139 3168 πῦρ
1175 3102 1458 3168 πυρέςςω,
1504 3103 1575 3154 τὸ
1611 3107 1647 3168 ἦ
1684 3103 1761 3154 ὡς
1796 3104 1868 3154 τὸ
1905 3103 2163 3169 πτήςςω,
2201 3103 2271 3153 τὸ
2306 3106 2341 3155 ’i‘
2377 3103 2457 3156 ῶς
2504 3103 2574 3155 τὸ
2610 3101 2796 3155 δειδίω
2834 3101 3109 3166 δειδίςςω,
3148 3103 3224 3154 τὸ

628 3175 666 3222 i}
702 3171 779 3222 ὡς
813 3170 885 3222 τὸ
922 3170 1153 3234 ἀφύςςω
1190 3170 1260 3222 τὸ
1297 3170 1599 3235 ἀπαντλῶ,
1636 3172 1706 3223 τὸ
1744 3175 1793 3223 ῶ
1830 3170 1910 3223 ὡς
1945 3171 2015 3223 τὸ
2053 3169 2373 3234 ίκτερώςςω
2413 3172 2518 3236 (sie
2553 3188 2651 3237 pro
2675 3170 3001 3235 ίκταρώςςω
3040 3187 3226 3222 emen-

632 3240 730 3289 dat
764 3241 902 3290 Lob.
937 3240 1130 3291 Rhem.
1168 3241 1318 3302 248),
1357 3238 1701 3303 ὁνειρώςςω,
1741 3238 2038 3304 ἀγρώςςω,
2074 3238 2145 3289 τὸ
2181 3237 2243 3289 δὲ
2277 3241 2312 3291 ὃ
2335 3238 2446 3290 οὐκ
2466 3238 2602 3302 ἔχει·
2638 3238 2709 3290 τὸ
2746 3239 2852 3303 γὰρ
2877 3239 3022 3290 ὄςςω
3048 3237 3223 3289 bru-m

632 3306 745 3358 ἐςτὶ
783 3305 1244 3371 μετειλημμένον,
1284 3305 1387 3356 οὐκ
1424 3305 1488 3357 ἐν
1523 3310 1837 3373 παραγωγῇ
1864 3306 1926 3357 δέ
1963 3305 2125 3358 ἐςτιν.
2172 3309 2274 3360 An.
2305 3307 2406 3358 Ox.
2433 3308 2490 3357 11
2513 3311 2631 3369 349,
2657 3310 2717 3357 82
2754 3305 2999 3358 ἀνάςςω;
3037 3305 3112 3356 τὰ
3141 3304 3226 3358 είς

629 3374 731 3427 δύο
767 3372 1017 3439 λήγοντα
1043 3378 1108 3427 ’ςῗ
1145 3372 1201 3425 ἓξ
1238 3371 1549 3439 φωνήεντα
1574 3373 2026 3439 παραλ’γονται·
2064 3374 2099 3438 ἢ
2136 3373 2243 3438 γὰρ
2278 3375 2348 3426 τὸ
2385 3377 2420 3426 ἃ
2457 3373 2882 3439 παραλήγονται
2918 3371 3043 3425 οἷον
3077 3372 3225 3425 ἄναξ

631 3441 849 3493 ἀνάςςω
877 3441 967 3493 καὶ
992 3440 1163 3493 ἄλλος
1188 3439 1471 3506 ἀλλάςςω,
1509 3442 1544 3506 ἢ
1582 3442 1652 3493 τὸ
1688 3445 1721 3493 ἓ
1757 3390 1882 3493 (Ἄον
1919 3445 2033 3506 πῠρ
2058 3441 2235 3505 πυρός
2261 3441 2544 3507 πυρέςςω,
2576 3442 2611 3506 ἢ
2637 3442 2707 3493 τὸ
2743 3445 2782 3506 ἦ
2806 3440 2929 3493 οἷον
2965 3439 3225 3506 πτήςςω,

633 3509 816 3574 ῥήςςω
853 3509 888 3572 ἢ
925 3509 995 3559 τὸ
1031 3513 1064 3560 ῖ
1102 3507 1226 3560 οἷον
1263 3508 1510 3560 δειδίςςω
1549 3510 1641 3559 καὶ
1676 3508 1904 3561 δεδίςςω
1931 3511 2023 3560 καὶ
2048 3508 2460 3573 δειδιττόμενος
2491 3510 2523 3560 ὁ
2549 3507 2814 3573 ἐκφοβῶν
2840 3509 2930 3561 καὶ
2954 3508 3024 3558 τὸ
3049 3507 3224 3560 λίςςω

629 3576 700 3628 τὸ
738 3577 1048 3639 παρακαλῶ
1086 3575 1209 3628 «ὣς
1245 3575 1396 3641 φάτο
1433 3577 1753 3640 λιςςόμενος
1790 3577 1945 3630 κτλ.»
2013 3578 2048 3641 ἢ
2084 3577 2156 3628 τὸ
2192 3580 2226 3629 ii
2264 3575 2388 3629 οἷον
2431 3576 2661 3641 ἀφύςςω
2698 3577 2768 3629 τὸ
2815 3576 3088 3629 ἀπαντλῶ
3129 3577 3224 3628 καί

631 3643 847 3708 δρύςςω
884 3644 919 3707 ἢ
955 3644 1025 3695 τὸ
1064 3649 1109 3695 ὦ
1147 3641 1273 3695 οἷον
1308 3642 1578 3708 ἀγρώςςω
1624 3645 1694 3696 τὸ
1740 3644 1982 3709 ἀγρεύω.
2053 3645 2303 3711 Ὅμηρος
2339 3644 2539 3710 «ἰχθῦς
2587 3644 2893 3710 ἀγρώςςων
2938 3645 3090 3697 κτλ.»
3129 3645 3226 3695 καὶ

630 3710 862 3762 κνώςςω
898 3711 968 3762 τὸ
1007 3713 1296 3774 κοιμῶμαι.
1333 3739 1399 3747 -
1434 3712 1517 3761 Ad
1549 3713 1775 3763 Arcadii
1809 3715 1982 3764 verba
2015 3715 2074 3763 in
2107 3717 2260 3765 α-’ςςῖῑῖ
2294 3720 2650 3765 accesserunt
2685 3712 2868 3764 νάςςω
2904 3710 3113 3775 ἱμάςςω
3155 3728 3228 3762 ex

631 3782 793 3831 Lasc.
834 3782 958 3842 170,
996 3784 1088 3842 27,
1137 3778 1355 3843 ἀράςςω
1399 3806 1467 3814 -
1512 3779 1731 3831 θαάςςω
1780 3798 1847 3831 ex
1893 3782 2081 3831 Diehr.
2117 3784 2245 3844 292,
2294 3784 2352 3831 11
2398 3780 2470 3832 τὰ
2514 3780 2603 3832 διὰ
2646 3780 2747 3832 δύο
2791 3784 2858 3832 {K
2905 3779 3226 3843 παραγωγὰ

631 3846 854 3911 ῥήματα
889 3846 1034 3912 ὑπὲρ
1070 3846 1172 3898 δύο
1209 3846 1482 3910 ςυλλαβὰς
1518 3846 1799 3912 βαρύτονα
1836 3847 1933 3900 ὅτε
1972 3847 2084 3911 ἔχει
2120 3847 2378 3914 δίχρονον
2404 3848 2517 3912 πρὸ
2550 3848 2752 3899 τέλους
2776 3847 3226 3909 ςυςτελλόμενον

629 3913 775 3966 αὐτὸ
812 3913 952 3978 ἔχει,
992 3914 1238 3981 ἀράςςω,
1277 3912 1569 3976 πατάςςω,
1607 3914 1891 3980 χαράςςω,
1931 3914 2214 3981 ἀλλάςςω,
2253 3916 2499 3979 ἀφύςςω.
2547 3916 2722 3981 δῆλον
2758 3915 2862 3967 οὖν
2898 3915 2985 3967 ὅτι
3022 3915 3112 3965 καί
3149 3914 3224 3966 τὸ

631 3982 851 4033 θαάςςω
899 3981 1118 4047 ὀφείλει
1163 3981 1233 4033 τὸ
1278 3984 1313 4033 ἃ
1359 3982 1802 4046 ςυςτελλόμενον
1851 3983 2013 4048 ἔχειν.
2091 3984 2161 4035 τὸ
2206 3983 2268 4035 δὲ
2314 3983 2526 4035 ἐλαςςῶ
2572 3986 2904 4048 περιςπᾶται
2949 3981 3102 4046 παρὰ
3149 3981 3223 4033 τὸ

630 4050 861 4101 ἔλαςςον
896 4050 1223 4114 γενόμενον.
1293 4049 1380 4101 διὸ
1417 4049 1698 4114 βαρύτονα
1734 4051 2072 4115 πρόςκειται.
2107 4079 2174 4088 —-
2209 4049 2430 4103 ἀνάςςω
2469 4069 2534 4102 ex
2571 4052 2672 4101 An.
2709 4053 2810 4104 Ox.
2850 4053 2931 4115 11,
2977 4048 3222 4101 τινάςςω

630 4122 852 4184 praeter
886 4119 1082 4169 Arcad.
1129 4124 1187 4168 et
1222 4120 1389 4169 Lasc.
1425 4119 1593 4169 habet
1637 4121 1806 4170 etiam
1844 4120 2040 4173 Choer.
2077 4121 2226 4170 Dict.
2263 4123 2359 4169 641
2395 4122 2464 4182 *in
2512 4120 2678 4170 simili
2723 4134 2960 4169 canone:
3007 4117 3079 4169 τὰ
3116 4117 3224 4180 μὲν

630 4186 834 4250 ἔχοντα
871 4185 972 4237 δύο
1009 4190 1065 4238 ἴς
1109 4183 1354 4250 χαίρουςι
1397 4189 1470 4252 τῇ
1520 4186 1711 4252 βαρείᾳ
1755 4185 1934 4251 τάςει,
1982 4185 2190 4252 νύςςω,
2241 4186 2499 4252 πλήςςω,
2536 4185 2803 4249 τινάςςω,
2850 4185 3020 4250 χωρὶς
3057 4183 3104 4236 εἰ
3145 4185 3224 4248 μὴ

629 4254 794 4316 ἔχωςι
837 4252 1093 4316 ὀνόματα
1136 4252 1615 4317 προϋποκείμενα·
1671 4254 1859 4307 ἐκεῖνα
1902 4253 2010 4319 γὰρ
2057 4256 2468 4320 περιςπῶνται,
2518 4253 2685 4306 λύςςα
2730 4255 2927 4305 λυςςῶ.
2996 4252 3067 4304 τὸ
3110 4252 3226 4317 γὰρ

628 4321 811 4372 νύςςω
848 4320 952 4372 οὐκ
988 4322 1104 4373 ἀπὸ
1139 4323 1243 4371 τοῦ
1279 4320 1446 4373 νύςςα
1493 4320 1667 4386 ἐςτίν,
1707 4321 1831 4374 ἐπεὶ
1879 4321 1996 4385 εἶχε
2034 4324 2427 4387 περιςπᾶςθαι,
2465 4320 2609 4373 ἀλλὰ
2644 4319 3012 4382 τούναντίον,
3052 4319 3228 4372 νύςςα

628 4387 734 4451 γὰρ
772 4386 994 4451 λέγεται
1040 4389 1073 4441 ὁ
1118 4389 1375 4452 καμπτὸς
1421 4389 1575 4454 παρὰ
1618 4389 1688 4441 τὸ
1732 4391 2016 4441 νύςςεςθαι
2060 4390 2198 4442 τοὺς
2241 4389 2468 4442 ἵππους.
2540 4389 2745 4454 ἐρέςςω
2793 4406 2861 4440 ex
2897 4391 3063 4440 Lasc.
3103 4391 3227 4451 170,

630 4458 722 4518 28,
779 4460 1012 4521 praebet
1056 4457 1225 4508 etiam
1268 4457 1517 4523 Theogn.
1568 4445 1689 4519 ΜΒ,
1744 4459 1891 4509 unde
1940 4460 2108 4508 etiam
2156 4457 2411 4521 πυρέςςω
2458 4465 2515 4509 et
2562 4457 2841 4522 ἀηθέςςω,
2898 4454 3226 4520 κυνηγὲςςω

630 4524 777 4588 quod
814 4530 1100 4589 praeterea
1134 4526 1308 4576 habet
1341 4528 1628 4586 omittens,
1669 4527 1798 4590 quia
1835 4525 1973 4580 Lob.
2013 4541 2109 4590 pro
2154 4526 2359 4577 ficticio
2394 4527 2560 4576 habet
2595 4526 2787 4577 Rhem.
2824 4527 2949 4586 272,
2989 4522 3227 4586 πτήςςω

630 4617 694 4627 -
733 4591 960 4656 πλὴςςω
1006 4593 1279 4658 Theogn.,
1334 4590 1501 4644 λίςςω
1548 4594 1649 4643 An.
1697 4595 1799 4644 Ox.
1849 4595 1930 4656 ΙΙ,
1985 4593 2213 4645 δεδίςςω
2259 4621 2324 4631 ——
2372 4591 2567 4645 ἐνίςςω
2615 4594 2891 4660 Theogn„
2945 4589 3227 4656 δρομίςςω

630 4658 769 4708 Lob.
804 4661 861 4709 in
897 4662 1266 4725 suspicionem
1301 4667 1492 4725 vocat,
1532 4659 1677 4712 ὄςςω
1714 4663 1813 4726 Ep.
1843 4661 1931 4711 Cr.
1957 4663 2010 4724 Ι,
2050 4661 2276 4713 πτύςςω
2313 4688 2378 4698 —-
2413 4660 2737 4725 καρδιώςςω
2774 4661 3021 4726 Theogn.
3061 4661 3228 4710 testi-

632 4727 812 4776 monio
847 4727 918 4777 ad
953 4725 1222 4791 ἀγρώςςω
1263 4729 1456 4779 addito
1493 4744 1561 4778 ex
1595 4729 1698 4779 An.
1736 4728 1838 4779 Ox.
1875 4730 1949 4780 Π.
