3664 5546
1191 302 1349 357 Περι
1390 302 1782 357 κΑοοΛικΗς
1819 302 2241 358 ΠΡοςΩιΔιΑς
2282 304 2352 356 w.
2944 303 3066 369 361

653 476 747 540 Τὰ
802 474 907 538 διὰ
959 477 1077 538 τοῦ
1132 475 1234 537 sffi}
1290 474 1671 554 τριςύλλαβα
1725 473 2161 552 προςηγορικὰ
2215 472 2451 551 ἔχοντα
2504 474 2631 551 πρὸ
2693 477 2812 538 τοῦ
2870 495 2888 537 ι
2949 474 3069 539 δύο

486 579 827 659 ςύμφωνα,
884 576 977 641 ὧν
1024 575 1384 666 οὐδέτερον,
1425 577 1464 654 ἢ
1508 576 1585 646 τὸ
1629 577 1701 640 ἓν
1759 575 1877 640 οὐκ
1922 575 2089 640 ἔςτιν
2133 573 2568 657 ἀμετάβολον,
2625 576 3069 658 παροξύνεται,

487 679 769 760 ἰςχίον,
813 677 1095 758 ἱςτίον,
1141 677 1447 755 ὀγκίον,
1494 678 1856 757 κυμβίον,
1909 676 2184 741 ἀντίον
2229 677 2305 741 τὸ
2350 680 2467 742 τοῦ
2510 676 2702 741 ἱςτοῡ.
2791 678 2867 743 τὸ
2913 678 3068 743 ςίλο

487 802 678 863 φιον
724 781 827 844 καὶ
869 779 1143 857 ὅρκιον
1188 780 1760 858 προπαροξύνεται.

515 893 523 900 “
653 882 748 946 Τὰ
793 881 898 946 διὰ
926 884 1043 945 τοῦ
1087 889 1231 958 ηϊον
1278 880 1519 945 Ἰωνικὰ
1549 879 2139 961 προπαροξύνεται,
2186 881 2448 961 λήϊον,
2493 881 2754 959 νήϊον·
2799 881 2927 946 ἔςτι
2968 882 3069 945 καὶ
3097 889 3130 938 5

490 985 736 1062 Νήϊον
780 982 937 1061 ὄρος
983 983 1246 1063 Ἰθάκης,
1293 980 1409 1062 ἀφ’
1452 979 1533 1046 οὗ
1578 981 1736 1047 κατὰ
1786 981 2073 1060 Κράτητα
2117 981 2180 1045 αἱ
2224 981 2510 1064 νηϊάδες,
2556 982 2620 1046 οἱ
2663 984 2734 1050 δὲ
2777 985 2892 1048 τὰς
2937 988 3070 1048 δια-

485 1086 819 1166 τριβούςας
873 1084 1020 1162 περὶ
1071 1085 1152 1148 τὰ
1204 1084 1466 1162 νάματα.
1554 1082 1620 1146 αἱ
1674 1085 1746 1148 δὲ
1799 1082 2057 1160 νηϊάδες
2102 1081 2233 1147 ἀπὸ
2277 1087 2393 1147 τοῦ
2447 1084 2627 1161 νήϊος
2681 1085 2720 1162 ἢ
2777 1084 2908 1150 άπὸ
2952 1088 3070 1149 τοῦ

486 1189 642 1267 νηῒς.
742 1187 818 1251 τὸ
874 1187 945 1250 δὲ
1000 1186 1433 1263 Ὑπονήϊον
1493 1185 1799 1250 ςύνθετον
1862 1185 1953 1248 ὡς
2006 1185 2082 1249 τὸ
2139 1184 2599 1264 Ἐπικνημίδιοι.
2698 1187 3069 1268 Λυκήϊον,

492 1289 729 1368 Μιδήϊ
743 1308 832 1353 ον
878 1288 1063 1351 πόλις
1105 1286 1415 1367 Φρυγίας,
1461 1287 1499 1364 ἣ
1534 1286 1811 1351 Μιδάϊον
1856 1286 1959 1350 καὶ
1990 1285 2301 1351 Μιδάειον
2349 1288 2612 1362 λέγεται.
2680 1288 3070 1367 Ταρςήϊον

402 1409 409 1414 ·
488 1392 676 1457 πόλις
729 1391 893 1467 πρὸς
934 1391 1074 1454 ταῖς
1117 1388 1507 1467 Ἡρακλείαις
1553 1390 1851 1473 ςτήλαις.ι
1906 1388 2230 1466 Πολύβιος
2273 1389 2466 1471 τρίτῳ
2511 1389 2591 1469 (ο.
2636 1387 2764 1469 24).
2853 1410 3071 1454 ποςι-
3111 1399 3175 1450 lo

490 1493 720 1571 δήϊον
780 1491 1189 1571 «ποςιδήϊον,
1235 1489 1483 1566 ἀγλαὸν
1529 1489 1743 1567 ὕδωρ»
1789 1490 1866 1571 (Β
1909 1487 2096 1570 506),
2141 1489 2209 1553 ἐκ
2252 1493 2369 1554 τοῦ
2413 1490 2737 1555 ποςίδειον
2782 1491 2956 1582 παρᾲ
2997 1491 3072 1555 τὸ

488 1595 803 1673 Ποςιδέης
861 1593 952 1656 ὼς
1004 1592 1379 1670 Ἡράκλειον
1436 1592 1610 1669 παρὰ
1659 1591 1734 1655 τὸ
1779 1589 2139 1669 Ἡρακλέης.
2229 1592 2594 1675 ςημήϊον,
2653 1594 3071 1674 μνημήϊον,

491 1696 935 1775 βαςιλήϊον,
981 1694 1324 1772 παρήϊον
1372 1694 1523 1769 «τῆς
1567 1692 1793 1770 τήκετο
1840 1692 2001 1756 καλὰ
2044 1693 2323 1770 παρήϊα»
2369 1690 2526 1773 (Οά.
2571 1714 2606 1757 τ
2650 1691 2820 1775 208).
2911 1697 3073 1757 λαι-

492 1799 731 1875 ςήϊον.
791 1795 1085 1871 λέγονται
1142 1795 1213 1858 δὲ
1256 1793 1469 1858 πάντα
1520 1793 1600 1858 τὰ
1643 1793 1802 1857 κατὰ
1848 1793 2054 1873 μάχην
2099 1795 2514 1873 ςκεπαςτήρια
2560 1795 2806 1873 λαιςήϊα
2849 1795 2955 1858 διὰ
2997 1796 3073 1860 τὸ

490 1899 562 1963 ἐν
605 1904 683 1980 τῇ
729 1899 875 1980 λαιᾷ
918 1897 1235 1976 φέρεςθαι.
3115 1907 3177 1958 15

661 2025 698 2061 ιι
743 1997 837 2063 Τὰ
891 1998 997 2062 διὰ
1038 2001 1157 2062 τοῦ
1202 1984 1366 2061 [affin]
1426 1995 1997 2075 προπαροξύνεται.
2099 1997 2418 2061 Ἀλώϊον
2484 1997 2671 2061 πόλις
2736 1998 3075 2063 Θεςςαλίας

490 2103 594 2167 ἐπὶ
647 2103 780 2165 τῶν
834 2099 1141 2177 Τέμπεων
1157 2148 1174 2180 ,
1245 2099 1324 2176 ἣν
1379 2097 1626 2162 ἔκτιςαν
1684 2099 1747 2162 οἱ
1800 2098 2109 2163 Αλωάδαι
2165 2099 2542 2163 καθελόντες
2585 2099 2749 2164 τοὺς
2805 2100 3073 2182 Θρᾷκας.

491 2205 581 2268 ὡς
626 2192 789 2267 εἶναι
835 2201 1035 2278 αὐτὴν
1081 2200 1212 2264 ἀπὸ
1259 2199 1549 2264 ’.Αλωέος
1606 2199 2042 2279 Ὁμολώϊον
2088 2201 2418 2279 τεμενικὸν
2464 2220 2621 2265 κατα
2665 2201 3074 2280 πλεοναςμὸν

489 2308 607 2369 τοῦ
652 2326 705 2368 ω
751 2303 820 2367 ἐκ
863 2304 981 2366 τοῦ
1024 2301 1343 2379 “.Ομόλιον
3052 2353 3067 2366 .

657 2405 803 2469 Πᾶν
847 2403 937 2467 εἰς
982 2423 1083 2467 ιον
1130 2403 1319 2480 ὑπὲρ
1346 2406 1515 2481 τρεῖς
1570 2403 1886 2483 ςυλλαβὰς
1931 2405 2279 2483 μονογενὲς
2335 2403 2556 2481 κύριον
2611 2404 2648 2481 ἢ
2694 2424 3073 2483 προςηγορι-
3111 2414 3180 2488 20

492 2508 607 2571 κὸν
674 2505 713 2582 ἢ
778 2505 1262 2583 ύποκοριςτικὸν
1328 2503 1914 2585 προπαροξύνεται,
1979 2504 2483 2583 Περγὰντιον
2550 2505 2734 2569 πόλις
2798 2505 3074 2588 Λιγύων,

491 2607 898 2688 Αἰάντιον,
955 2605 1420 2686 Βυζάντιον,
1477 2605 2013 2686 ἀρτοπώλιον,
2079 2606 2534 2689 πλοιάριον,
2604 2607 3075 2689 παρθένιον,

493 2707 981 2789 Διωνύςιον,
1027 2706 1552 2790 οἰνοπώλιον,
1598 2709 2039 2788 κωδώνιον,
2085 2705 2494 2791 αύχένιον,
2539 2708 3033 2789 διαβούλιον.

660 2829 699 2864 ⁴*
747 2807 841 2873 Τὰ
885 2809 975 2873 εἰς
1019 2811 1123 2872 ῐο-ν·
1154 2809 1314 2887 ὑπὲρ
1344 2813 1515 2887 τρεῖς
1545 2811 1861 2890 ςυλλαβὰς
1896 2796 1950 2891 β,
1990 2814 2049 2890 γ,
2088 2795 2150 2891 δ,
2195 2796 2258 2892 ἲ,
2303 2797 2340 2872 θ
2383 2810 2883 2891 παραληγόμενα
2916 2831 3074 2889 προ-

494 2910 949 2991 παροξύνεται,
1003 2910 1586 2992 ἱπποφόρβιον,
1644 2911 2112 2992 ςυφόρβιον,
2172 2911 2558 2991 Κανήβιον
2614 2912 2801 2976 πόλις
2850 2909 3076 2990 Καρίοῐς
3112 2920 3178 2969 25

493 3014 532 3090 ἡ
587 3013 853 3091 ὕςτερον
914 3011 1113 3092 Κύον,
1178 3011 1627 3091 Λανούβιον
1692 3012 1879 3076 πόλις
1940 3013 2086 3090 περὶ
2142 3014 2257 3090 τὴν
2312 3012 2578 3092 Ῥώμην.
2667 3012 3076 3093 κυνήγιον,

495 3114 1025 3194 ὀρροπύγιον,
1072 3112 1547 3193 (ηράγγιον,
1593 3113 2057 3191 φαλάγγιον.
2117 3113 2526 3192 Ἀμύργιον
2571 3112 2796 3178 πεδίον
2841 3114 3076 3179 (ακῶν.

495 3215 857 3279 Ἑλλάνικος
913 3212 1253 3277 (Σκυθικοῖς.
1340 3213 1458 3292 Ἁρ
1476 3213 1715 3288 πάγια
1768 3214 1969 3279 τόπος
2026 3214 2512 3306 περὶΙΚύζικον,
2566 3214 2718 3279 ὅθεν
2769 3216 3079 3293 ἡρπάςθαι

497 3317 649 3395 φαςὶ
695 3315 1081 3392 Γανυμήδην.
1170 3312 1656 3389 (Στυλλάγιον
1712 3313 1899 3379 πόλις
1956 3315 2320 3395 Τριφυλίας.
2416 3315 2825 3382 (εςίνδιον
2893 3317 3079 3381 πόλις

498 3416 735 3495 Ἰνδική.
812 3413 1215 3480 (ιλίνδιον
1268 3414 1544 3494 πόλιςμα
1588 3416 1733 3493 περὶ
1775 3417 1891 3494 τὴν
1935 3416 2135 3496 Ἴδην,
2183 3417 2274 3481 ώς
2302 3417 2671 3496 Δημήτριος
2716 3417 2754 3482 ὁ
2800 3416 3079 3496 (Σκήψιος

634 3604 671 3656 l
698 3606 729 3652 2
766 3599 1068 3665 οὐδέτερον
1104 3600 1139 3665 ἢ
1176 3609 1401 3667 propter
1422 3601 1697 3653 vocabula
1733 3602 1804 3652 ab
1838 3602 2071 3654 Arcadio
2108 3603 2288 3654 relata
2326 3604 2557 3666 inserui3
2596 3602 2792 3665 ὁγκίον
2827 3601 3078 3666 κομβίον,

498 3668 693 3721 ἀντίον
730 3669 909 3719 adieci
947 3684 1012 3718 ex
1049 3668 1323 3733 Theogn.‚
1360 3686 1393 3719 a
1430 3685 1536 3734 quo
1583 3670 1787 3720 diserte
1825 3676 2168 3736 paroxytona
2212 3687 2335 3721 esse
2380 3672 2759 3736 perhibentur3
2808 3687 2903 3738 pro
2941 3670 3080 3735 φόρο

500 3753 619 3789 κιον
665 3737 1002 3788 Schmidtius
1046 3734 1288 3800 φόρμιον
1335 3736 1607 3799 exhibuit,
1657 3736 1754 3786 sed
1790 3738 1916 3787 huie
1952 3740 2177 3800 canoni,
2218 3740 2432 3803 qualem
2478 3741 2766 3801 constitui,
2813 3754 2919 3789 non
2955 3755 3081 3789 con-

499 3808 677 3865 venit3
718 3805 836 3870 ipse
874 3805 1033 3869 posui
1069 3802 1286 3867 ὅρκιον,
1326 3805 1469 3868 quod
1516 3805 1623 3854 iam
1668 3806 1725 3854 in
1771 3806 2234 3870 praecedentibus
2279 3813 2753 3857 commemoratum
2799 3810 2902 3857 est.
2973 3807 3082 3856 Hic

500 3874 704 3923 alicubi
750 3872 921 3921 etiam
966 3870 1124 3933 βαῒον
1161 3870 1407 3936 Theogn.
1448 3874 1570 3933 128,
1608 3874 1672 3922 27
1710 3869 1807 3936 (cf.
1845 3873 2086 3936 Hesych.
2126 3890 2167 3923 s.
2208 3874 2326 3935 βαῖς
2373 3880 2429 3924 et
2465 3876 2528 3923 E.
2564 3876 2636 3924 M.
2684 3871 2840 3935 βάϊον
2878 3871 3078 3923 κλάδος

499 3943 604 3991 τοῦ
639 3937 918 4005 φοίνικος)
957 3943 1431 3988 commemoratum
1468 3939 2156 3991 ιἰιίι.1.5’1ωνικὰ
2201 3942 2407 3991 inserui
2451 3958 2520 3990 ex
2555 3942 2801 4005 Theogn.
2845 3943 2959 4001 123,
2996 3944 3078 4002 30,

504 4006 679 4072 Νήϊον
715 4007 989 4071 proprium
1026 4022 1093 4055 ex
1131 4006 1209 4057 St.
1245 4008 1312 4056 Β.
1518 4006 1554 4056 l.
1589 4007 1620 4056 8
1658 4005 1965 4072 Ὑπονήϊον
2000 4035 2066 4043 -
2103 4007 2380 4073 Ταρςήϊον
2414 4015 2542 4058 sunt
2579 4025 2644 4058 ex
2683 4010 2762 4059 St.
2801 4009 2890 4068 Β.,
2928 4020 3079 4057 ποςι-

500 4074 660 4139 δήϊον
696 4089 762 4124 ex
800 4074 946 4124 Mon.
985 4077 1073 4135 11,
1110 4075 1171 4135 2,
1210 4072 1491 4137 βαςιλήϊον
1528 4091 1595 4125 ex
1633 4073 1909 4138 Theogn„
1947 4072 2192 4138 παρήϊον
2229 4092 2296 4126 ex
2333 4077 2434 4140 Ep.
2474 4077 2562 4128 Cr,
2604 4076 2788 4135 1343,
2829 4076 2918 4135 16,
2966 4073 3078 4124 λαι-

501 4142 659 4207 ςήϊον
697 4158 766 4192 ex
803 4140 1059 4192 Eustath.
1096 4142 1214 4202 570,
1252 4144 1334 4203 32,
1371 4142 1491 4191 ubi:
1530 4140 1871 4205 Ἡρωδιανὸς
1906 4155 2039 4205 φηςι
2077 4142 2167 4192 καὶ
2204 4142 2456 4204 λέγεςθαι
2494 4140 2681 4192 πάντα
2717 4140 2836 4191 κτλ.
2952 4142 2986 4190 l.
3019 4143 3081 4190 16

500 4210 642 4259 hunc
678 4224 944 4260 canonem
982 4214 1205 4274 propter
1240 4209 1459 4258 nomina
1495 4226 1527 4258 a
1565 4210 1645 4259 st..
1684 4210 1745 4257 Β.
1784 4209 1960 4258 relata
1999 4210 2295 4273 composui.
2444 4209 2480 4257 l.
2518 4212 2579 4258 21
2619 4206 2973 4271 Περγάντιον
3013 4225 3078 4258 ex

504 4279 584 4327 St.
623 4278 683 4327 B.
724 4277 969 4342 explevi,
1009 4273 1312 4338 παρθένιον
1348 4302 1410 4312 -
1447 4274 1709 4338 αὐχένιον
1755 4274 1945 4324 addidi
1989 4292 2058 4327 ex
2093 4274 2193 4325 An.
2233 4275 2332 4325 Ox.
2371 4276 2422 4325 11
2462 4278 2587 4335 356,
2624 4278 2716 4335 27,
2764 4273 3079 4337 διαβούλιον

502 4361 567 4393 ex
606 4345 667 4393 E.
705 4345 777 4393 M.
817 4346 935 4406 266,
973 4346 1061 4393 51:
1100 4341 1439 4405 διαβούλιον;
1480 4341 1781 4406 οὐδέτερον
1817 4341 2247 4407 ύποκοριςτικὸν
2283 4341 2435 4405 παρὰ
2470 4341 2538 4393 τὸ
2577 4340 2767 4405 βουλή.
2829 4355 3081 4406 προπαρ-

502 4411 780 4463 οξύνεται·
830 4412 945 4461 πᾶν
991 4406 1070 4462 εἰς’
1114 4411 1183 4463 {fv
1228 4408 1529 4472 οὐδέτερον
1576 4406 1823 4471 καθαρὸν
1871 4408 2173 4471 μονογενὲς
2218 4413 2303 4473 τῷ
2341 4414 2372 4459 ῖ
2419 4408 2891 4473 παραληγόμενον
2936 4408 3081 4473 ὑπὲρ

501 4481 650 4542 τρεῖς
685 4476 957 4542 ςυλλαβάς
993 4477 1478 4542 προπαροξύνεται
1516 4474 1629 4526 εἴτε
1665 4474 1858 4537 κύριον
1893 4473 2007 4527 εἴτε
2040 4474 2452 4540 προςηγορικὸν
2486 4474 2600 4528 εἴτε
2638 4475 3080 4539 ύποκοριςτικὸν.

641 4547 673 4595 l.
711 4548 779 4596 24
822 4546 949 4596 hinc
982 4562 1156 4611 usque
1199 4545 1269 4596 ad
1306 4545 1525 4595 nomina
1563 4544 1619 4592 in
1655 4557 1804 4604 αιον,
1858 4543 2001 4595 unde
2039 4543 2262 4592 Arcadii
2303 4550 2604 4608 praecepta
2650 4543 2827 4594 denuo
2865 4544 3081 4594 initium

504 4614 750 4677 capiunt,
793 4629 1032 4664 canones
1067 4630 1135 4664 ex
1172 4613 1525 4676 Theognosto
1562 4609 1768 4660 collato
1806 4612 1886 4663 St.
1922 4609 1983 4659 B.
2023 4626 2138 4661 οοιιι
2181 4612 2327 4671 osui3
2365 4614 2534 4674 atque
2571 4611 2800 4676 primum
2836 4612 2978 4660 hune
3014 4627 3082 4661 ex

505 4679 748 4744 Theogn.
787 4682 900 4740 126,
937 4684 969 4731 8
1005 4685 1063 4730 et
1103 4684 1158 4745 1,
1196 4681 1292 4731 ubi
1329 4695 1427 4744 pro
1463 4674 1743 4740 ςιράγγιον
1779 4680 1977 4743 scripsi
2007 4675 2120 4743 (ηρ
2158 4691 2332 4759 moy.
2369 4702 2433 4712 ——-
2474 4628 2749 4742 Κανήβιον
2786 4682 2843 4729 et
2864 4677 3081 4730 Δανού-

508 4744 653 4807 βιον,
690 4747 822 4796 item
862 4719 1158 4811 Ἀμύργιον
1193 4774 1259 4783 -
1294 4761 1468 4811 usque
1506 4744 1575 4795 ad
1611 4743 1771 4797 finem
1807 4762 1875 4798 ex
1902 4748 1981 4798 St.
2007 4746 2069 4795 B.
2110 4746 2293 4811 recepi
2317 4752 2556 4811 excepto
2578 4744 2897 4812 τραπέζιον,
2936 4746 3081 4811 quod
