3664 5546
644 361 776 410 CCX
1713 365 2131 414 PRAEFATIO.

641 516 887 581 Herod.
944 517 1131 580 Eust.
1195 518 1387 599 1913,
1449 518 1527 583 15
1581 522 2020 604 ςκορακιςμός,
2086 519 2332 583 Herod.
2388 520 2536 598 περὶ
2590 523 2814 583 παθῶν
2870 515 2939 578 in
2995 516 3074 580 Ε.
3128 515 3217 580 M.

642 619 797 701 719,
844 619 904 683 5.
1006 619 1115 681 Ex
1169 617 1272 682 his
1330 619 1647 706 exemplis
1715 620 1941 706 patefit
1998 620 2306 686 Orionem
2368 621 2560 686 etiam
2626 619 2693 682 in
2758 619 2973 704 prima
3032 627 3221 704 parte

637 721 829 784 unius
874 721 1188 807 cuiusque
1233 720 1456 786 literae
1499 723 1678 809 ipsos
1723 723 2083 788 Herodiani
2137 722 2338 788 libros
2384 723 2531 801 περὶ
2571 726 2797 787 παθῶν
2852 728 2917 784 et
2961 718 3222 805 Epime-

639 823 905 903 rismOS,
953 822 1060 909 qui
1113 821 1236 886 sub
1282 824 1421 887 eius
1467 826 1729 890 nomine
1773 808 2100 905 feruntur,
2148 823 2547 889 adhibuisse.

806 923 998 989 Nunc
1051 923 1391 989 videamus
1406 975 1423 1006 ,
1490 925 1645 1011 quid
1713 926 2126 992 statuendum
2195 929 2279 991 sit
2345 925 2426 990 de
2478 923 2842 990 Herodiani
2896 923 3218 1007 frustuliS‚

638 1048 805 1113 quae
860 1026 1031 1091 inter
1086 1026 1317 1091 Sorani
1373 1038 1438 1092 et
1490 1028 1862 1093 Heraclidis
1918 1029 2283 1093 notationes
2341 1026 2553 1093 locum
2578 1027 2848 1114 ¹habere
2895 1026 3217 1091 dicuntur.

635 1133 853 1215 Atque
932 1127 1420 1199 concedendum
1497 1140 1594 1193 est
1669 1130 1734 1195 in
1799 1132 1904 1195 his
1972 1129 2175 1195 multa
2251 1140 2603 1216 praecepta
2669 1129 2971 1214 reperiri,
3051 1150 3217 1214 quae

634 1229 899 1295 aliunde
956 1230 1317 1295 Herodiani
1388 1254 1529 1296 csse
1584 1232 1857 1313 scimuS,
1919 1233 2035 1297 sed
2100 1255 2243 1296 csse
2300 1232 2497 1297 etiam
2550 1255 2681 1296 non
2745 1253 2986 1317 pauca,
3053 1253 3217 1316 quae

635 1333 1012 1399 Herodiano
1056 1342 1324 1420 propter
1365 1335 1653 1420 ineptam
1699 1335 2119 1419 sententiam,
2165 1357 2332 1420 quae
2384 1334 2732 1420 profertur,
2780 1331 3218 1397 abiudicanda

636 1444 818 1516 sunt,
875 1435 1176 1522 quamvis
1234 1437 1302 1499 in
1359 1435 1682 1501 nonnullis
1738 1437 1907 1500 sumi
1966 1438 2173 1522 possit
2225 1459 2263 1499 a
2306 1434 2590 1501 librariis
2649 1435 2971 1499 sententia
3010 1433 3215 1497 Hero-

634 1535 811 1601 diani
857 1539 1103 1602 omissa
1146 1538 1512 1623 opinionem
1559 1539 1643 1604 ab
1690 1561 1765 1604 eo
1812 1538 2229 1625 reprobatam
2272 1537 2569 1602 relictam
2613 1559 2790 1617 esse,
2848 1535 3024 1622 quod
3079 1558 3215 1599 sae-

631 1639 897 1724 pissime
957 1639 1028 1703 in
1083 1640 1384 1706 omnibus
1444 1640 1580 1704 fere
1638 1641 1938 1726 scriptiS,
2005 1641 2240 1728 quibus
2300 1639 2721 1705 Herodianea
2784 1639 3214 1717 continentur,

631 1740 876 1805 factum
921 1764 1065 1806 esse
1109 1744 1238 1806 iam
1287 1765 1487 1828 supra
1531 1742 1849 1825 vidimus3
1901 1752 2239 1829 praeterea
2281 1764 2411 1806 non
2456 1743 2674 1807 omnia
2717 1763 2801 1804 ex
2844 1738 3028 1805 libris
3072 1741 3220 1819 περὶ

633 1842 1071 1925 ὀρθογραφίας
1120 1854 1183 1908 et
1227 1847 1372 1924 περὶ
1400 1851 1626 1911 παθῶν
1661 1844 2051 1931 deprompta
2095 1867 2238 1908 esse
2266 1844 2685 1908 manifestum
2717 1851 2837 1906 est.
2886 1843 2993 1906 Ad
3024 1864 3215 1928 quam

632 1966 768 2008 rem
828 1944 1397 2011 demonstrandam
1454 1946 1798 2011 nonnullas
1847 1944 2067 2010 literas
2112 1967 2633 2032 percenseamus
2735 1943 2813 2008 In
2867 1946 2917 2009 Α
2978 1944 3076 2025 17,
3140 1943 3219 2006 14

631 2057 782 2131 post
825 2047 1048 2128 ἀράχις
1090 2047 1386 2112 ultimam
1415 2046 1649 2112 Sorani
1680 2048 2141 2135 etymologiam
2173 2070 2407 2132 agmen
2438 2046 3004 2113 Herodianearum
3033 2056 3215 2110 nota-

631 2148 884 2213 tionum
951 2147 1129 2213 ducit
1182 2150 1462 2230 αἴγειρος
1515 2186 1602 2197 ——-
1656 2152 1830 2230 παρὰ
1892 2152 1968 2216 τὸ
2032 2151 2309 2230 αἴρεςθαι
2376 2150 2465 2215 εἰς
2518 2150 2688 2230 ὕψος
2748 2151 2852 2214 καὶ
2907 2149 3217 2231 αὔξεςθαι,

633 2251 785 2316 ὅθεν
830 2252 1113 2332 Ὅμηρός
1158 2274 1305 2333 φηςι
1353 2256 1705 2331 «μακεδνῆς
1748 2253 2114 2332 αἰγείροιο».
2179 2253 2385 2318 οὕτως
2428 2250 2622 2331 εὗρον
2668 2252 2738 2316 ἐν
2782 2259 2857 2336 τῇ
2902 2251 3215 2331 ὀρθογρα-

633 2354 749 2438 φίᾳ
796 2354 1232 2438 Ἡρωδιανοῦ,
1277 2353 1391 2417 ubi
1435 2353 1683 2418 factum
1731 2365 1831 2419 est
1874 2352 1942 2416 id
1987 2354 2162 2441 quod
2203 2353 2521 2434 diximus,
2567 2364 2641 2417 ut
2683 2352 3047 2418 Herodiani
3092 2353 3212 2417 ori-

631 2454 881 2538 ginatio
940 2455 1023 2519 ab
1085 2455 1304 2538 ἀῖςςω,
1364 2478 1559 2542 quam
1617 2454 2048 2520 servaverunt
2105 2454 2333 2521 Choer.
2391 2455 2578 2521 Orth.
2638 2455 2778 2537 177,
2823 2454 2938 2537 29,
2994 2452 3074 2517 Ε.
3120 2453 3209 2518 M.

630 2557 741 2635 28,
790 2557 911 2639 39,
967 2556 1398 2621 interciderit.
1487 2556 1854 2623 Adnotatio
1899 2557 1979 2621 de
2026 2558 2335 2638 ἄτρακτος
2390 2580 2473 2621 ex
2529 2557 2881 2636 ἀτάρακτος
2936 2567 3077 2622 orto
3129 2555 3212 2619 ab

631 2657 1014 2724 Herodiano
1059 2658 1357 2746 profecta
1402 2682 1544 2723 esse
1588 2669 1838 2746 potest,
1885 2682 2281 2747 quamquam
2325 2658 2568 2722 diserto
2624 2659 2993 2723 testimonio
3039 2679 3213 2722 eare-

631 2784 796 2827 mus,
888 2762 1111 2847 ἄφνω,
1159 2763 1262 2826 cui
1310 2762 1750 2828 testimonium
1797 2786 1900 2849 ap.
1933 2762 2155 2828 Orion.
2193 2761 2556 2828 detractum
2601 2770 2727 2844 est,
2775 2761 2855 2824 Ε.
2904 2760 3078 2826 Gud.
3111 2758 3212 2845 97,

636 2864 712 2927 18
758 2863 1137 2929 Herodiano
1184 2865 1504 2949 assignat3
1574 2866 1685 2951 qui
1731 2866 1871 2952 ipse
1916 2866 2238 2929 consentit
2282 2887 2427 2927 cum
2475 2862 2693 2949 Apoll.
2741 2862 2822 2925 de
2867 2863 3018 2927 adv.
3065 2863 3209 2928 580.

631 2964 930 3031 Articulo
977 2967 1297 3047 ἀςτεροπή
1345 2966 1784 3052 subscriptum
1831 2977 1932 3031 est
1975 2968 2182 3033 οὕτως
2211 2967 2611 3046 Ἡρωδιανὸς
2655 2967 2725 3030 ἐν
2770 2972 2861 3049 τῷ
2904 2967 3052 3045 περὶ
3092 2988 3212 3030 πα-

631 3074 794 3154 Θῶν,
856 3068 1009 3132 licet
1053 3070 1249 3132 etiam
1293 3068 1399 3131 hie
1444 3067 1808 3133 Herodiani
1855 3071 2241 3134 sententiam
2298 3089 2674 3155 perversam
2725 3088 2867 3129 esse
2910 3066 3211 3131 concludi

630 3181 849 3257 potest
892 3194 975 3235 ex
1019 3168 1097 3235 Il.
1145 3171 1252 3234 Pr.
1300 3171 1352 3234 Θ
1402 3170 1541 3233 178.
1632 3171 1854 3254 ἄορες,
1899 3172 2005 3234 cui
2051 3170 2234 3236 deest
2280 3192 2515 3235 nomen
2560 3166 2950 3249 Herodiani,
3006 3169 3090 3232 ab
3136 3190 3211 3231 eo

629 3272 997 3357 profectum
1062 3294 1204 3336 csse
1269 3272 1482 3334 innuit
1538 3270 1768 3336 Choer.
1825 3272 2004 3337 Dict.
2050 3274 2196 3354 347,
2248 3274 2346 3337 17.
2436 3270 2565 3336 Sed
2623 3292 2787 3356 quae
2853 3282 3214 3356 sequuntur

631 3375 782 3453 αἶρα
836 3383 900 3438 et
956 3374 1296 3453 ἀλλότριος
1353 3395 1428 3437 eo
1486 3383 1659 3436 certe
1704 3372 1928 3457 mod0,
1997 3397 2121 3461 quo
2177 3375 2281 3437 hic
2334 3373 2783 3461 proferuntur,
2851 3371 3209 3437 Herodiani

631 3498 774 3539 esse
821 3497 949 3539 non
992 3486 1287 3562 possunt.
1377 3473 1545 3539 Nam
1600 3475 1743 3560 quis
1799 3477 2025 3542 eredat
2081 3500 2260 3558 eum,
2320 3476 2428 3562 qui
2476 3475 2715 3540 diserte
2770 3474 2839 3537 in
2884 3474 3059 3538 Mon.
3105 3476 3209 3556 43,

636 3578 715 3641 10
757 3579 831 3643 τὸ
877 3579 1045 3656 ἔρρω
1092 3579 1171 3643 οὐ
1215 3579 1390 3656 παρὰ
1433 3580 1509 3642 τὸ
1555 3579 1797 3657 φθείρω
1841 3581 2261 3662 pronunciat,
2308 3578 2459 3658 αἷρα
2489 3578 2875 3664 repetivisse
2918 3579 3092 3657 παρὰ
3135 3580 3210 3642 τὸ

633 3680 791 3759 ῥαίω
835 3681 909 3745 τὸ
955 3681 1198 3760 φθείρω
1257 3680 1406 3759 ῥαῑα
1460 3681 1562 3744 καὶ
1617 3680 1943 3759 ὑπερθὲςει
1998 3681 2194 3761 αἷραῬ
2283 3680 2380 3743 In.
2430 3680 2507 3744 Ε.
2556 3681 2645 3744 Μ.
2661 3730 2679 3762 ,
2726 3680 2792 3743 in
2838 3678 3008 3765 quod
3051 3680 3213 3743 haec

630 3780 882 3846 notatio
930 3803 1013 3845 ex
1057 3781 1302 3846 Orione
1349 3778 1671 3845 translata
1714 3792 1846 3862 est,
1893 3781 2190 3846 additum
2235 3791 2334 3846 est
2377 3784 2416 3860 ἢ
2462 3782 2594 3848 ἀπὸ
2637 3787 2755 3847 τοῦ
2799 3783 2992 3865 αἴρω,
3037 3781 3210 3868 quod

631 3882 685 3946 si
731 3882 854 3947 hoc
897 3881 1250 3948 frustulum
1292 3882 1554 3947 omnino
1598 3883 1960 3947 Herodiani
2013 3894 2138 3962 est,
2198 3883 2336 3948 eius
2392 3885 2781 3948 sententiam
2840 3905 3209 3969 repraesen-

632 3995 750 4049 tat.
839 3984 1064 4072 Neque
1120 3985 1463 4071 quisquam
1509 3985 1743 4070 opinor
1786 3986 2126 4065 ἀλλότριος
2170 3990 2553 4071 πλεοναςμῷ
2598 3992 2715 4052 τοῦ
2770 3990 2841 4049 ἶ·
2908 3985 3210 4065 ἀλλόριος

630 4088 752 4166 γάρ
797 4088 960 4153 ἐςτιν
1007 4088 1044 4152 ὸ
1075 4088 1292 4152 ἄλλων
1324 4087 1520 4165 ὁρίων
1567 4087 1876 4167 ὑπάρχων
1907 4085 2289 4152 Herodiano
2321 4087 2695 4172 imputabit.
2766 4086 2952 4167 Quae
2997 4087 3208 4173 sequi-

629 4198 739 4252 tur
792 4189 1126 4253 annotatio
1186 4186 1265 4252 de
1320 4188 1467 4252 ἀνία
1522 4188 1606 4252 ab
1651 4188 2027 4253 Herodiano
2086 4200 2183 4253 est
2237 4212 2445 4276 neque
2499 4198 2713 4253 tamen
2758 4199 3059 4253 accurate
3104 4188 3208 4252 de-

632 4290 908 4376 scripta,
965 4300 1042 4354 ut
1097 4312 1180 4354 ex
1235 4290 1358 4375 Ep.
1404 4287 1602 4354 Hom.
1650 4290 1761 4373 83,
1813 4291 1854 4353 6
1901 4301 1965 4355 et
2009 4291 2120 4372 41,
2185 4293 2214 4352 1
2277 4289 2732 4375 intellegimus
2818 4292 2897 4355 In
2954 4292 3210 4372 ἀκριβής

630 4395 796 4457 τινὲς
839 4393 1014 4471 παρὰ
1056 4394 1132 4457 τὸ
1178 4392 1322 4472 ἄχρι
1379 4393 1481 4457 καὶ
1538 4391 1717 4473 βαιόν
1763 4390 2127 4457 Herodiani
2184 4393 2538 4475 sententia,
2596 4416 2761 4480 quae
2806 4403 3069 4458 servata
3113 4402 3212 4456 est

631 4493 698 4557 in
745 4492 822 4557 Ε.
869 4493 958 4557 Μ.
1003 4492 1117 4574 52,
1163 4493 1276 4572 55,
1325 4493 1437 4558 ubi
1485 4495 1691 4559 οὕτως
1721 4493 1952 4574 Ὠρίων
1998 4496 2100 4560 καὶ
2130 4496 2558 4576 Χοιροβοςκός
2602 4495 3041 4582 subscriptum
3085 4504 3207 4574 est,

631 4604 699 4658 et
743 4617 848 4680 ap.
897 4593 1130 4658 Choer.
1176 4593 1361 4659 Orth.
1415 4597 1566 4677 171,
1613 4595 1698 4659 30
1750 4598 1926 4677 παρὰ
1980 4599 2053 4662 τὸ
2109 4597 2383 4677 ἀκρυβής
2436 4596 2647 4682 periit.
2735 4596 2901 4661 Item
2959 4595 3206 4661 notatio

633 4696 993 4778 Ἀμφιτρίτη
1039 4718 1122 4760 ex
1167 4695 1530 4761 Herodiani
1578 4696 2063 4784 Orthographia
2106 4698 2386 4783 repetita
2429 4708 2556 4779 est,
2617 4707 2690 4762 ut
2747 4722 2831 4762 ex
2877 4719 3205 4783 compara-

633 4797 807 4864 tione
855 4798 1089 4863 Choer.
1121 4797 1307 4864 Orth.
1347 4800 1484 4881 173,
1525 4799 1598 4861 16
1645 4798 2061 4884 perspicitur,
2112 4797 2559 4863 Herodianum
2594 4810 2811 4865 autem
2844 4799 3205 4886 Didymum
