3664 5546
611 426 655 490 4
1088 424 1315 480 ΠΙΝΑΞ
1350 424 1500 480 ΤΟΥ
1536 424 1731 480 ΟΛΟΥ
1767 423 2043 480 ΒΙΒΛΙΟΥ
2079 423 2228 479 ΤΟΥ
2263 423 2422 479 ΠΕΡΙ
2465 423 2726 479 ΤΟΝΩΝ.

782 597 913 661 Ἐπὶ
965 598 1037 662 δὲ
1089 598 1225 662 τοῖς
1281 595 1474 661 εἴκοςι
1528 595 1601 661 ἐν
1657 594 1837 682 ἄλλῳ
1898 594 2119 678 βιβλίῳ
2177 595 2255 660 τὸ
2312 594 2790 671 ἀναγνωςτικόν
2836 593 3010 660 εἶδος
3051 594 3209 659 κατὰ

612 699 901 766 ςύνταξιν
946 702 1078 764 τῶν
1126 699 1367 765 λέξεων
1424 697 1893 776 παραδέδοται,
1950 698 2332 763 ἀκολούθως
2393 697 2564 783 μετὰ,
2603 699 2721 777 τὴν
2777 698 3050 776 δήλωςιν
3092 700 3209 775 τῆς

610 802 754 866 καθ’
800 800 1063 879 ἑκάςτην
1108 799 1473 883 προςῳδίας
1516 800 1856 879 γινομένη(
1900 800 2302 865 διδαςκαλίας
2345 799 2490 880 περὶ
2530 802 2862 878 διαςτολῆς
2891 800 2991 865 καὶ
3023 819 3207 865 ςυνα-

612 906 866 985 λοιφῶν
931 900 1056 967 καῖ’
1085 906 1217 968 τῶν
1275 901 1496 968 ἄλλων
1556 906 1688 967 τῶν
1746 901 2427 980 παρακολουθούντων
2483 907 2560 986 τῇ
2618 900 3006 979 ἀναγνώςει,
3062 901 3206 967 οἷον

537 1016 572 1066 5
609 1004 715 1070 ὅτε
759 1006 836 1069 τὸ
866 1005 1032 1069 Ζεύς
1076 1003 1471 1084 ὀξυνόμενον
1523 1004 1641 1069 οὐκ
1686 1004 1818 1084 ἔχει
1859 1005 1978 1083 τὴν
2024 1002 2239 1070 ὀξεῖαν
2286 1004 2706 1083 ρωννυμένην
2761 1004 2834 1071 ἐν
2875 1009 2969 1088 τῷ
3013 1003 3208 1069 «Ζεὺς

610 1108 681 1171 δ’
723 1107 862 1172 ἐπεὶ
907 1105 1027 1173 οὖν
1072 1106 1330 1187 Τρῶας»
1377 1107 1470 1188 (ΙΙ.
1529 1105 1641 1183 13,
1692 1107 1791 1188 1),
1850 1104 2006 1170 ἀλλ’
2048 1105 2503 1186 ἐγκλινομένην
2561 1106 2669 1171 διὰ
2718 1108 2836 1186 τὴν
2881 1105 3206 1186 ἐπιφορὰν

607 1212 723 1273 τοῦ
769 1209 839 1273 δέ
886 1208 1248 1288 ςυνδέςμου.
1298 1207 1368 1273 ἐν
1411 1210 1579 1284 γοῦν
1626 1214 1720 1293 τῷ
1770 1207 1970 1273 «Ζεύς
2013 1228 2084 1273 τε
2126 1207 2579 1288 καταχθόνιος»
2625 1209 2716 1290 (n.
2752 1207 2814 1286 9,
2842 1206 2996 1290 450)
3041 1208 3208 1302 ῥών-

607 1331 789 1376 νυται
844 1312 947 1375 διὰ
1000 1313 1118 1390 τὴν
1162 1310 1488 1391 ἐπιφορὰν
1543 1312 1661 1374 τοῦ
1716 1309 1802 1374 τέ.
1863 1309 1902 1388 ἡ
1948 1311 2027 1374 δὲ
2084 1309 2144 1375 οἱ
2202 1309 2570 1391 ἀντωνυμία
2625 1310 2697 1375 ἐν
2753 1315 2845 1396 τῷ
2893 1309 2990 1376 «οἷ
3032 1310 3204 1396 αὐτῷ

607 1413 921 1478 θάνατον»
970 1412 1089 1477 ούκ
1131 1412 1411 1494 ἐφύλαξε
1464 1413 1581 1490 τὴν
1629 1412 2124 1492 περιςπωμένην
2172 1412 2244 1479 ἐν
2296 1418 2390 1498 τῷ
2440 1413 2582 1477 «καί
2625 1412 2686 1477 οἱ
2728 1412 3202 1493 ἐπευχόμενος»

510 1524 573 1576 10
607 1516 700 1596 (ΙΙ.
737 1514 835 1593 16,
868 1514 1018 1596 829)
1060 1518 1172 1593 τῆς
1216 1514 1570 1581 ςυντάξεως
1614 1514 1798 1579 τοῦτ’
1843 1513 2240 1594 ἁπαιτούςης
2286 1518 2409 1579 τοῦ
2455 1515 2941 1595 ςημαινομένου.
2996 1513 3206 1579 οὕτως

604 1616 736 1697 ἔχει
779 1618 878 1681 καὶ
919 1617 995 1681 τὸ
1043 1618 1239 1701 «μάχῃ
1284 1615 1379 1681 ἔνι
1423 1616 1816 1701 κυδιανείρῃ»
1865 1616 1948 1698 (Ζ
2001 1615 2170 1699 124).

740 1873 776 1924 l.
815 1879 845 1925 3
880 1872 1176 1939 γινομένης
1211 1871 1558 1925 διδαςκαλίας
1595 1874 1797 1940 scripsi
1837 1888 1959 1924 cum
1999 1872 2184 1925 Schm.
2220 1890 2320 1939 pro
2354 1872 2663 1939 γινομένην
2697 1871 3067 1926 διδαςκαλίαν.
