3664 5546
1157 366 1316 421 ΠΕΡΙ
1358 365 1749 423 ΚΑΘΟΛΙΚΗ(
1786 367 2183 423 ΠΡΟΕΩιΔΙΑ.
2231 369 2276 424 Α
2941 369 3020 434 15

420 535 1017 615 παραςχηματιςμὸν
1048 534 1194 602 οἷον
1226 537 1481 621 Ἀγήν,
1526 537 1810 621 αὐχήν,
1856 537 2137 621 ἀτμήν,
2182 536 2466 621 ἀπτήν,
2511 535 2786 622 ἀκτήν,
2817 538 3017 617 ἁδήν

418 636 459 715 ἡ
503 636 709 702 νόςος.

588 739 684 804 Τὰ
727 737 817 806 εἰς
860 743 943 819 ῆν
987 739 1272 820 λήγοντα
1315 741 1552 821 ἔχοντα
1596 730 1726 821 πρὸ
1781 744 1900 807 τοῦ
1945 747 1983 821 ἦ
2028 741 2103 806 τὸ
2148 745 2181 806 ἒ
2234 742 2275 821 ἢ
2333 746 2605 808 διπλοῦν
2660 743 3014 826 ςύμφωνον

420 841 503 921 μὴ
547 843 1085 924 παραληγόμενον
1131 850 1207 928 τῇ
1252 847 1337 909 ὅῡ
1381 845 1715 929 διφθόγγῳ
1760 842 2089 912 ὀξύνεςθαι
2135 843 2337 929 θέλει,
2383 844 2437 911 εἰ
2478 848 2560 926 μὴ
2605 866 3011 927 παραςχημα-

419 942 654 1009 τίζοιτο
709 944 1034 1030 οὐδετέρῳ
1091 947 1261 1022 γένει
1322 945 1467 1012 οἷον
1524 946 1750 1024 ἑςςήν
1805 945 1845 1010 6
1891 945 2164 1025 οἰκιςτής
2210 948 2688 1028 «Μυρμιδόνων
2745 948 3008 1029 ἑςςῆνα»
3041 958 3074 1009 5

424 1045 867 1128 Καλλίμαχος.·
923 1048 1273 1128 καμαςήν
1318 1046 1356 1112 6
1403 1048 1608 1131 ἰχθῦς,
1662 1048 2074 1132 Δαμαςήν,
2132 1047 2397 1133 ἐρςήν,
2452 1048 2717 1133 Αἰζήν,
2772 1050 3012 1116 Ταντά-

419 1151 541 1214 λου
584 1152 768 1232 παῖς,
814 1148 942 1230 ἀφ’
985 1147 1066 1214 οὗ
1112 1149 1182 1215 ἐν
1228 1150 1475 1234 Φρυγίᾳ
1530 1150 1716 1216 πόλις
1760 1149 2032 1219 Αἰζανοί.
2124 1151 2340 1229 Ἀζήν
2398 1144 2587 1218 ἔθνος
2641 1156 2752 1230 τῆς
2796 1152 3012 1231 Ἀρκα-

419 1250 557 1316 δίας
600 1252 639 1316 ὃ
683 1251 788 1316 καὶ
831 1250 1046 1336 Ἀζάν,
1091 1251 1285 1332 ἀζήν
1331 1250 1369 1316 6
1413 1251 1657 1329 πώγων
1701 1252 1862 1319 κατὰ
1906 1251 2196 1337 Φρύγας,
2242 1251 2473 1334 ἀψήν.
2531 1254 2868 1333 Τροιζήν
2914 1255 3016 1319 καὶ

420 1352 458 1418 6
504 1354 745 1434 κτιςτὴς
798 1354 904 1418 καὶ
957 1354 996 1432 ἡ
1053 1354 1256 1420 πόλις.
1345 1354 1688 1434 εὑρίςκεται
1746 1355 1872 1434 γὰρ
1926 1355 2031 1420 καὶ
2083 1354 2347 1422 πόλεςιν
2402 1354 2883 1437 ὁμοφωνοῦντα
2936 1356 3016 1421 τὰ

418 1461 550 1521 τῶν
594 1460 857 1521 κτιςτῶν
902 1454 1214 1537 ὀνόματα·
1264 1456 1533 1537 Κάμικος
1582 1458 1905 1538 Κολοφών
1952 1457 2263 1537 Κόρινθος
2313 1459 2448 1525 Κῶς
2493 1458 2733 1523 (ικυών
2769 1457 3014 1537 Κύρνος
3054 1466 3119 1519 lo

418 1557 677 1639 Λέςβος·
723 1557 930 1624 οὕτως
960 1559 1064 1623 καὶ
1093 1559 1408 1639 Τροιζήν·’
1440 1559 1566 1625 ἔςτι
1611 1560 1683 1624 δὲ
1728 1558 1916 1624 πόλις
1944 1559 2487 1635 Πελοποννήςου·
2532 1559 2659 1627 ἔςτι
2703 1561 2807 1625 καὶ
2849 1559 3012 1638 ἄλλη

418 1660 690 1739 Τροιζήν
735 1659 806 1726 έν
853 1660 1181 1757 Μαςςαλίᾳ
1225 1666 1336 1740 τῆς
1381 1662 1672 1745 Ἰταλίας,
1729 1662 1809 1741 ἢν
1859 1660 2072 1741 Χάραξ
2117 1662 2496 1743 Τροιζηνίδα
2538 1662 2759 1742 χώραν
2804 1663 3011 1744 φηςίν.

587 1762 682 1827 Τὰ
737 1761 826 1827 εἰς
881 1763 1342 1843 λην.λήγοντα
1398 1762 1689 1832 ὀξύνεται
1746 1763 2043 1844 βαλλήν
2102 1764 2310 1851 οὕτως
2366 1763 2405 1829 6
2463 1765 2782 1847 βαςιλεύς,
2828 1764 3012 1829 Τελ-

418 1863 593 1949 λήν,
638 1863 896 1949 Ὠλήν,
942 1865 1227 1948 ςωλήν,
1273 1868 1565 1969 κωᾼήν,
1611 1866 1909 1947 ςτελήν.
2000 1865 2401 1947 ςεςημείωται
2457 1867 2534 1932 τὸ
2578 1868 2857 1945 Ἕλλην
2906 1870 3011 1948 βα-

417 1967 795 2047 ρυνόμενον.
1379 1960 1388 1969 “
3051 1978 3116 2031 15

586 2070 681 2135 Τὰ
725 2068 813 2134 εἰς
856 2071 940 2147 η-ν
982 2068 1156 2136 ἁπλᾶ
1199 2071 1438 2150 ἔχοντα
1481 2071 2090 2151 δεδιπλαςιαςμένον
2149 2071 2499 2153 ςύμφωνον
2545 2070 3011 2139 ὀξύνεται.ἐς-

418 2172 584 2255 ςήν,
630 2171 891 2255 ὀςςήν,
935 2172 1270 2255 Τελλήν,
1319 2174 1614 2255 βαλλήν
1659 2175 1828 2252 πλὴν
1874 2177 1992 2239 τοῦ
2021 2173 2300 2254 Ἕλλην
2344 2175 2448 2239 καὶ
2491 2173 2529 2239 6
2575 2174 2748 2254 ἥρως
2791 2174 2894 2239 καὶ
2936 2174 3012 2239 τὸ

416 2273 623 2341 ἔθνος.
709 2275 786 2340 τὸ
832 2274 903 2339 δὲ
948 2271 1196 2353 ἄρρην
1239 2273 1505 2341 ἀττικῶς
1549 2274 1681 2342 ἀπὸ
1725 2279 1844 2341 τοῦ
1890 2274 2089 2357 ἄρςην
2134 2276 2381 2354 γε’γονε.
2757 2310 2771 2323 v

587 2377 682 2442 Τὰ
746 2375 836 2443 εἰς
899 2379 982 2455 ἦ
1036 2377 1181 2443 κατ’
1236 2376 1591 2458 ἐπιπλοκὴν
1659 2378 1780 2443 δύο
1850 2379 2216 2460 ςυμφώγων
2284 2376 2609 2464 ὀξύνεται,
2674 2379 3011 2463 πυθμήν,

422 2479 717 2560 Κεβρήν
761 2481 1081 2563 ποταμός,
1139 2479 1266 2561 ἀφ’
1311 2479 1390 2545 οὗ
1436 2480 1743 2561 Κεβρηνία
1798 2482 1981 2560 χώρα
2035 2483 2148 2559 τῆς
2193 2480 2518 2565 Τρῳάδος.
2606 2480 2893 2560 Δίδυμος
2939 2483 3009 2546 δὲ
3047 2495 3114 2545 20

421 2581 704 2662 Κεβρῆνα
747 2583 864 2661 τὴν
906 2581 1098 2649 πόλιν
1144 2582 1334 2663 φηςίν
1362 2619 1449 2630 -
1478 2586 1648 2663 πλὴν
1692 2586 1811 2648 τοῦ
1842 2583 2146 2665 Ἕκτην,
2192 2582 2231 2648 ὃ
2275 2581 2407 2662 ἔχει
2450 2583 2568 2662 τὴν
2612 2583 2741 2663 πρὸ
2785 2583 3012 2651 τέλους

551 2805 588 2859 l.
629 2808 655 2856 1
692 2803 874 2872 ἀκτήν
911 2821 1010 2871 pro
1046 2803 1213 2871 αἰτήν
1251 2822 1372 2858 eum
1410 2806 1712 2858 Schmidtio
1748 2809 2051 2871 praeeunte
2085 2805 2366 2859 Lobeckio
2402 2805 2439 2859 1.
2476 2821 2525 2857 e.
2564 2822 2621 2873 p.
2656 2807 2772 2856 190.

413 2874 452 2928 1.
487 2877 523 2925 4
575 2876 748 2926 verba
799 2878 871 2941 τῇ
916 2877 984 2927 δῦ
1039 2872 1331 2942 διφθόγγῳ
1378 2873 1691 2942 scrupulum
1741 2873 2085 2939 relinquunt,
2140 2889 2306 2940 quum
2357 2874 2735 2925 huiuscemodi
2790 2875 3011 2925 nomina

417 2943 637 2995 omnino
673 2944 836 2995 nobis
869 2960 982 2996 non
1018 2948 1241 2996 servata
1278 2947 1406 2995 sint.
1614 2943 1652 2993 1.
1692 2944 1724 2994 6
1759 2939 1922 3007 ἑςςήν
1958 2941 2179 3009 explevi
2225 2958 2293 2992 ex
2328 2943 2479 2997 Mon.
2517 2942 2598 3006 17,
2637 2944 2696 3002 7,
2743 2942 2815 2992 ad
2854 2957 3010 3008 quem

414 3011 596 3062 locum
632 3017 865 3062 annotat
886 3012 1155 3064 Lehrsius
1179 3012 1583 3075 Herodianum,
1623 3011 1861 3063 fortasse
1897 3010 2023 3060 ideo
2061 3010 2206 3061 hane
2241 3010 2502 3062 vocabuli
2526 3010 3007 3077 significationem,

415 3096 525 3130 non
562 3081 797 3132 alteram
833 3079 1085 3144 βαςιλεύς
1123 3082 1210 3145 (Ε.
1233 3080 1309 3135 Μ.
1336 3082 1453 3142 383,
1477 3083 1544 3132 28
1579 3077 1741 3144 ἑςςήν
1776 3076 1809 3129 6
1848 3077 2114 3142 βαςιλεύς,
2156 3076 2234 3129 ὡς
2272 3077 2425 3143 παρὰ
2452 3076 2785 3145 Καλλιμάχῳ
2814 3077 2923 3129 «οὔ
2948 3093 3007 3131 ςε

415 3148 570 3198 θεῶν
605 3145 807 3213 ἑςςῆνα
842 3147 1012 3201 πόλοι
1049 3146 1259 3202 θέςαν»
1297 3148 1502 3213 (hymn.
1537 3149 1597 3198 in
1633 3149 1746 3198 Iov.
1784 3162 1840 3198 v.
1866 3146 1953 3211 66)
1991 3148 2261 3213 posuisse,
2300 3147 2446 3213 quod
2482 3148 2658 3214 prima
2694 3153 2752 3198 et
2786 3149 3010 3213 propria

417 3218 470 3266 ei
502 3219 625 3267 visa
661 3218 735 3267 sit
770 3215 886 3268 ἀπὸ
921 3218 1027 3268 τοῦ
1067 3215 1212 3269 ἕςςαι
1248 3216 1338 3268 καὶ
1374 3215 1585 3281 ἱδρθςαι
1619 3217 1684 3266 Ε.
1711 3215 1784 3265 M.
1821 3216 1938 3275 383,
1974 3218 2058 3267 32.
2107 3216 2173 3266 In
2199 3215 2491 3266 Catholiea
2529 3215 2767 3267 fortasse
2802 3208 3034 3266 utram-‘

417 3299 524 3402 :2¹35
559 3284 1149 3419 ²¹P¹³5⁸¹²3⁰¹22⁶0¹320f<¹ss1¹3
1182 3285 1581 3420 ξὲξωὲἒῒεὲῗορ
1584 3288 1945 3417 221233302235
1975 3299 2101 3402 ¹²3?
2106 3285 2309 3404 13„ssAE
2326 3283 2481 3403 ἒέῗῧ
2511 3282 3007 3418 ἓὲἒίᾞῖῗῆἔίἓῖ

421 3419 570 3484 plevi
617 3437 685 3471 ex
722 3422 802 3473 St.
837 3421 904 3472 B.
941 3425 1034 3486 31,
1077 3426 1133 3485 5,
1171 3370 1569 3475 ubizp’AZavoi
1613 3417 1859 3486 Φρυγίας
1913 3418 2103 3471 πόλις;
2152 3418 2493 3484 Ἡρωδιανὸς
2546 3419 2636 3472 διὰ
2686 3423 2790 3485 τῆς
2837 3423 2891 3471 (Ἡ
2945 3418 3008 3471 ἐν

420 3487 622 3556 πρώτῃ
658 3491 782 3541 τῶν
816 3489 1062 3542 καθόλου
1098 3487 1303 3555 λέγων,
1343 3487 1510 3556 Αίζήν
1535 3486 1832 3542 Ταντάλου
1870 3491 2000 3540 παῖς
2036 3488 2155 3539 κτλ.
2195 3489 2268 3541 ef.
2292 3491 2440 3540 Mon.
2471 3491 2551 3552 17,
2587 3491 2621 3540 4
2657 3487 2828 3553 Αἰζήν
2864 3487 3007 3542 Ταν-

419 3554 594 3609 τάλου
630 3561 778 3610 παῖς.
916 3559 953 3610 1.
990 3560 1021 3609 7
1059 3556 1226 3622 Ἀζήν
1262 3574 1331 3608 ex
1367 3558 1444 3610 St.
1481 3559 1544 3611 B.
1581 3561 1663 3620 30,
1703 3559 1785 3608 16.
1920 3556 1958 3606 1.
1985 3558 2018 3608 8
2055 3555 2088 3608 6
2123 3553 2344 3619 πώγων
2378 3555 2522 3608 κατὰ
2558 3555 2781 3622 Φρύγας
2817 3557 3010 3608 addidi

420 3641 486 3675 ex
523 3625 716 3678 Choer.
753 3629 870 3686 276,
910 3628 990 3677 18.
1061 3625 1301 3691 Τροιζὴν
1337 3642 1406 3677 ex
1443 3628 1522 3678 St.
1558 3628 1618 3680 B.
1656 3628 1741 3688 49,
1782 3627 1872 3688 18,
1922 3639 2044 3680 cum
2080 3640 2187 3690 quo
2226 3626 2298 3675 ef.
2335 3628 2461 3688 639,
2500 3628 2532 3678 6
2569 3624 2808 3691 Τροιζὴν
2844 3623 3007 3677 πόλις

417 3691 864 3761 Πελοποννήςου
910 3692 1025 3746 ἀπὸ
1063 3693 1366 3759 Τροιζῆνος
1410 3697 1514 3746 τοῦ
1560 3692 1845 3746 Πέλοπος.
1916 3709 1967 3758 p.
2004 3694 2131 3755 325,
2169 3696 2201 3745 6
2244 3693 2521 3758 Apollonii
2568 3710 2636 3744 ex
2684 3695 2824 3745 libro
2878 3692 3008 3758 περὶ

418 3762 1124 3884 ἕζίῗᾝέἒᾛζὲἓέἔῖᾟῒ.
1138 3763 1397 3897 ᾞὲἔῖἷῆι
1422 3760 2716 3895 ἒῖᾶῗέἓέῗνώξτὲἷῗέ·ἓξῶἰέἳὲῗὲῗέἓῖθὲῗὸ
2736 3762 3008 3893 Ἰξὲἒῖῑΐν·

419 3895 627 3950 εὐθεῖαι
664 3898 1034 3964 παράγονται,
1072 3901 1194 3950 τῶν
1231 3898 1335 3962 μὲν
1370 3897 1514 3964 ὑπὲρ
1551 3897 1651 3950 δύο
1688 3895 1961 3961 ςυλλαβάς
2010 3894 2219 3958 ὁμοίως
2255 3900 2328 3964 τῇ
2368 3896 2558 3965 εὐθείᾳ
2595 3896 2738 3949 κατὰ
2773 3896 2880 3949 τὸν
2913 3896 3007 3948 τό-

418 3980 518 4018 νον
555 3967 1145 4033 προπαροξυνόμεναι,
1194 3967 1283 4019 καὶ
1329 3967 1364 4031 ἢ
1411 3965 1475 4020 ἐν
1510 3965 1677 4033 ἁπλῷ
1715 3965 1951 4032 ςχήματι
1997 3964 2032 4028 ἢ
2079 3961 2141 4016 ἐν
2184 3965 2462 4018 ςυνθέτω·
2499 3964 2723 4018 ἁπλοῦν
2761 3966 2863 4029 μὲν
2899 3964 3006 4017 οὖν

419 4032 631 4101 μάρτυρ
668 4035 947 4102 μάρτυρος
985 4035 1017 4088 6
1056 4035 1361 4101 μάρτυρος,
1400 4034 1594 4101 Χάροψ
1632 4032 1891 4100 Χάροπος
1929 4031 1961 4084 6
1999 4031 2257 4098 Χάροπος
2282 4062 2348 4070 —-
2373 4019 2613 4100 Τροίζην
2638 4032 2942 4099 Τροίζηνος
2969 4032 3003 4084 6

419 4101 720 4170 Τροίζηνος
746 4103 908 4157 «υἱὸς
935 4103 1307 4170 Τροιζήνοιο»
1333 4104 1419 4168 (11.
1443 4107 1494 4167 2,
1519 4102 1671 4169 847),
1700 4103 1798 4154 sed
1823 4102 2088 4153 Lehrsius
2113 4102 2182 4152 de
2208 4102 2381 4153 Arist.
2407 4120 2461 4169 p.
2488 4100 2623 4155 277²
2655 4104 2830 4169 ipsius
2852 4102 3008 4153 urbis

419 4179 702 4223 accentum
725 4175 1134 4225 inconstantem
1157 4173 1395 4224 inveniri
1420 4172 1572 4223 dicit.
1617 4170 1944 4223 Eustathius
1969 4175 2155 4221 autem
2188 4170 2260 4220 ad
2286 4172 2445 4221 Hom.
2463 4169 2583 4234 287,
2607 4173 2674 4222 20
2706 4168 3005 4236 ςημείωςαι

421 4237 505 4290 ὅτι
527 4240 657 4293 τινὰ
673 4243 800 4293 τῶν
817 4243 1079 4294 παλαιῶν
1103 4239 1471 4306 ἀντιγράφων
1489 4237 1766 4305 Τροίζηνα
1786 4235 2302 4303 προπαροξυτόνως
2322 4237 2592 4304 ἔγραψαν,
2613 4236 2698 4291 οἷς
2722 4239 2814 4291 καὶ
2833 4238 3006 4303 Ἡρω-

418 4305 604 4361 διανὸς
641 4313 937 4376 ςυνηγορεῑ
972 4309 1035 4362 ὲν
1069 4313 1155 4376 τῷ
1192 4308 1321 4374 περὶ
1355 4310 1671 4375 ταχυτῆτος
1709 4307 1800 4360 καὶ
1836 4306 2136 4371 δηϊοτῆτος
2162 4304 2362 4371 εἰπών,
2402 4307 2489 4359 ὅτι
2514 4308 2633 4359 κτλ.
2671 4308 3005 4375 pervertisse

419 4395 638 4447 videtur
670 4395 981 4448 Herodiani
1016 4395 1360 4448 sententiam.
1520 4394 1556 4446 l.
1594 4395 1658 4446 13
1689 4381 1801 4460 λῆν
1836 4408 1935 4459 pro
1968 4395 2041 4457 ην
2075 4393 2292 4469 scripsi.
2347 4391 2561 4458 βαλλήν
2599 4398 2655 4444 et
2691 4410 2778 4461 ap.
2803 4392 3004 4445 Aread.

420 4486 476 4531 et
508 4483 565 4532 in
601 4483 752 4533 Mon.
790 4483 872 4544 17,
909 4484 968 4543 5,
1004 4481 1150 4533 unde
1187 4496 1379 4533 vocem
1415 4478 1661 4546 explevi,
1700 4496 1798 4547 per
1834 4479 2037 4546 duplex
2075 4478 2107 4528 λ
2144 4478 2409 4544 scriptum
2448 4485 2551 4543 est,
2588 4480 2723 4531 Lob.
2760 4479 3007 4545 praefert

419 4548 595 4614 βαλήν
641 4553 868 4617 propter
911 4550 1129 4614 βλῆνος.
1335 4549 1371 4600 1.
1409 4551 1474 4599 14
1519 4563 1616 4614 pro
1660 4546 1896 4613 ςιπελήν
1938 4548 2200 4601 librorum
2238 4548 2518 4613 scriptura
2563 4563 2632 4599 ex
2667 4547 2816 4602 Mon.
2853 4548 2935 4612 17,
2970 4549 3006 4598 4

420 4634 539 4669 eum
573 4619 714 4671 Lob.
753 4618 977 4670 exhibui
1010 4617 1214 4683 ςτελήν
1249 4616 1578 4670 vocabulum
1612 4617 1881 4683 ignotum,
1917 4615 2183 4669 Schmidt.
2220 4612 2453 4680 Πελλήν
2488 4616 2691 4682 posuit.
2863 4614 2898 4669 1.
2941 4617 3003 4668 17

418 4684 623 4750 Ἕλλην
660 4686 884 4751 explevi
918 4703 987 4738 ex
1023 4687 1103 4740 St.
1139 4689 1205 4741 Β.
1241 4690 1359 4750 268,
1394 4688 1444 4737 4.
1652 4686 1689 4737 1.
1726 4686 1794 4738 20
1842 4683 2055 4752 Κεβρήν
2091 4684 2314 4749 explevi
2359 4700 2427 4736 ex
2465 4685 2545 4736 St.
2582 4686 2677 4747 Β.,
2723 4683 2819 4734 ubi
2862 4684 3004 4736 haee

419 4760 666 4806 exstant:
716 4752 987 4819 Κεβρηνία
1022 4754 1179 4821 χώρα
1220 4758 1324 4821 τῆς
1361 4752 1653 4820 Τρωάδος,
1690 4750 1807 4806 ἀπὸ
1849 4753 2146 4820 Κεβριόνου
2187 4755 2292 4805 τοῦ
2330 4749 2601 4818 Πριάμου.
2661 4749 3004 4816 Ἡρωδιανὸς

331 4855 338 4872 1
415 4822 476 4874 δὲ
511 4821 945 4940 ἀπὸῆῗεβρῆνος
983 4827 1259 4891 ποταμοῦ.
1433 4824 1463 4874 l.
1500 4827 1560 4875 21
1603 4823 1824 4891 explevi
1862 4841 1929 4876 ex
1965 4824 2211 4889 Theogn.
2251 4821 2337 4875 Cr.
2374 4823 2428 4871 ΙΙ
2465 4824 2556 4884 27,
2597 4823 2688 4886 11,
2736 4836 2857 4872 cum
2895 4838 3002 4888 quo

420 4893 491 4942 cs.
529 4893 591 4942 Ε.
690 4931 705 4946 .
746 4895 863 4955 311,
901 4894 983 4943 36.
2186 4919 2192 4926 -
3046 4906 3051 4910 ·
