3664 5546
599 293 726 357 366
1208 273 1213 278 ’
1536 293 1618 347 εκ
1656 294 1796 347 τΩΝ
1840 293 2248 347 ΗΡΩΔιΑΝοΥ

598 464 785 527 πόλις
816 463 887 525 ἐν
919 462 1174 545 Ἀρναίᾳ
1205 463 1385 545 χώρᾳ
1429 466 1541 539 τῆς
1572 464 1878 527 Βοιωτίας
1909 463 2041 528 ἀπὸ
2072 463 2435 542 Φιλήνορος
2465 466 2582 526 τοῦ
2613 463 2918 527 Αἰτωλοῦ.
2978 463 3190 528 Ἀλα-

601 565 932 644 βούριον
975 564 1164 628 πόλις
1197 562 1432 642 (υρίας.
1495 564 1706 642 Χάραξ
1751 563 1956 649 ὀγδόῃ
1987 571 2322 644 χρονικῶν.
2369 564 2777 641 Ἀγκύριον
2822 566 3008 630 πόλις
3039 567 3188 630 Ἰτα-

598 665 751 728 λίας.
841 664 1248 742 Ὀνθύριον
1314 666 1499 728 πόλις
1568 666 1909 743 Θεςςαλικὴ
1977 667 2122 744 περὶ
2179 668 2296 743 τὴν
2361 667 2614 744 Ἄρνην.
2724 666 3190 745 Μανδύριον

596 766 782 830 πόλις
828 765 1156 842 Ἰαπυγίας.
1231 766 1690 845 Ἀταβύριον
1736 764 1895 844 ὄρος
1942 767 2249 849 (ικελίας,
2298 767 2388 833 ὡς
2432 767 2707 844 Τίμαιος.
2780 767 3070 846 κέκληται
3114 770 3187 831 δὲ

535 878 568 926 5
598 867 677 931 τὰ
732 866 851 946 ὄρη
909 867 1041 931 ἀπό
1096 887 1271 931 τινος
1316 867 1623 946 Τελχῖνος
1668 867 2055 947 Ἀταβυρίου.
2143 868 2269 932 ἔςτι
2326 868 2429 931 καὶ
2471 867 2744 946 Περςικὴ
2789 868 3001 932 πόλις·
3060 868 3186 933 ἔςτι

595 970 697 1032 καὶ
741 968 1055 1047 Φοινίκης.
1123 968 1551 1049 Ζεφύριον.
1608 970 1647 1047 ἡ
1677 968 2160 1047 Ἁλικαρναςςὸς
2203 972 2315 1046 τῆς
2350 968 2575 1046 Καρίας
2620 968 2827 1033 οὕτως
2872 969 3185 1051 ἐκαλεῖτο,

597 1069 687 1135 ὡς
730 1069 979 1151 Φίλων,
1033 1072 1137 1134 καὶ
1179 1071 1366 1135 πόλις
1415 1069 1699 1134 Κιλικίας.
1765 1066 1905 1134 {crs
1936 1071 2038 1134 καὶ
2083 1069 2343 1134 (κυθίας
2388 1070 2643 1149 χωρίον.
2721 1069 2848 1133 ἔςτι
2891 1072 2993 1134 καὶ
3039 1070 3185 1134 Ἰτα-

596 1169 733 1235 λίας
778 1170 1138 1254 Ζεφύριον,
1196 1171 1311 1252 ἀφ’
1356 1170 1436 1235 οὗ
1479 1172 1717 1249 Λοκροὶ
1748 1172 2213 1251 .Ἐπιζεφύριοι.
2302 1171 2428 1236 ἔςτι
2485 1173 2586 1236 καὶ
2641 1171 2804 1250 ἄκρα
2846 1174 2957 1247 τῆς
2998 1171 3186 1248 Αἰγύ-

595 1292 793 1354 πτου,
859 1271 974 1352 ἀφ’
1030 1271 1105 1350 ἧς
1158 1273 1197 1350 ἡ
1253 1273 1596 1352 Ἀφροδίτη
1655 1274 1755 1336 καὶ
1813 1271 2099 1353 Ἀρςινόη
2164 1271 2543 1355 Ζεφυρῖτις,
2614 1274 2705 1337 ὡς
2771 1272 3183 1352 Καλλίμαχος.

498 1380 559 1429 10
592 1373 658 1437 Π
673 1376 707 1436 λ
724 1395 762 1451 η
778 1396 817 1452 μ
832 1395 871 1452 μ
885 1374 923 1436 ύ
939 1394 975 1451 ρ
989 1395 1008 1437 ι
1023 1394 1060 1437 ο
1074 1394 1111 1438 ν
1158 1375 1477 1453 φρούριον
1525 1374 1960 1452 (υρακουςῶν.
2037 1372 2181 1437 (ἶατ
2194 1374 2232 1437 ύ
2247 1394 2285 1452 ρ
2298 1395 2317 1437 ι
2331 1395 2369 1438 ο
2383 1395 2420 1438 ν
2465 1375 2703 1470 χωρίον
2747 1374 3015 1452 πληςίον
3059 1375 3183 1438 Τά-

596 1494 847 1551 ραντος.
892 1475 1244 1552 νεώριον.
1304 1475 1774 1553 Μακτώριον
1817 1475 2006 1540 πόλις
2052 1474 2345 1539 (Σικελίας.
2389 1463 2681 1540 Φίλίςτος
2724 1476 2980 1558 πρώτῳ.
3053 1495 3183 1539 κα-

598 1576 882 1653 ςώριον
927 1576 1003 1639 τὸ
1046 1578 1375 1653 πορνεῖον.
1432 1576 1888 1656 Ἀριςτοφάνης
1936 1576 2046 1640 «ἐν
2078 1577 2432 1655 καςωρίοιςι
2464 1578 2736 1656 λείχων»
2781 1575 2934 1661 (Eq.
2977 1575 3184 1656 1285).

597 1663 1012 1753 Ἀςςώριον
1055 1676 1243 1739 πόλις
1289 1676 1582 1741 (ικελίας.
1626 1679 1866 1755 ταύτην
1910 1678 2339 1758 τριςυλλάβως
2368 1678 2691 1756 Ἄεςωρον
2737 1680 2917 1741 καλεῖ
2957 1678 3182 1740 Ἀπολ-

598 1777 891 1855 λόδωρος
947 1777 1016 1841 ἑν
1074 1777 1130 1841 δ’
1175 1781 1510 1855 χρονικῶν.
1599 1777 1989 1857 Ἰςςώριον
2048 1777 2206 1856 ὄρος
2247 1783 2359 1855 τῆς
2404 1778 2801 1860 Λακωνικῆς,
2858 1777 2973 1857 ἀφ’
3017 1776 3097 1842 οὗ
3142 1779 3181 1856 ἡ

398 1847 403 1852 ⁰
499 1883 559 1933 15
594 1878 881 1956 Ἄρτεμις
939 1878 1226 1956 Ἰςςωρία.
1313 1879 1812 1957 Πολιτώριον
1869 1880 2054 1944 πόλις
2109 1880 2427 1961 Λατίνων,
2473 1881 2553 1958 ἣν
2596 1880 2765 1945 ἑλῶν
2813 1880 3098 1957 Μάρκιος
3142 1878 3181 1941 ὁ

597 1980 888 2058 βαςιλεὺς
934 1981 1286 2059 μετήγαγεν
1343 1979 1432 2044 εἰς
1477 1980 1742 2061 Ῥώμην.
1831 1982 2297 2060 Φαγρώριον
2345 1982 2563 2063 πόλις,
2624 1981 2715 2045 ὡς
2767 1981 3180 2058 Ἀλέξανδρος

595 2079 634 2142 ὁ
689 2082 1049 2158 πολυίςτωρ
1108 2082 1179 2145 ἐν
1233 2081 1713 2164 Αἰγυπτιακοῖς,
1768 2082 1832 2149 ἐξ
1889 2081 1970 2145 οὗ
2026 2083 2329 2146 ςύνθετον
2384 2082 2930 2160 Φαγρωριόπολις.
3004 2081 3178 2146 ἀνε-

595 2181 956 2262 μούριον,
1018 2183 1473 2262 ςιςύμβριον
1529 2184 1568 2262 ἡ
1616 2184 1872 2263 βοτάνη.
1960 2184 2393 2264 Τενέβριον
2449 2182 2846 2261 ἀκρωτήριον
2904 2183 3177 2263 Ἰβηρίας.

593 2281 1064 2365 ἀνδράγρια,
1112 2284 1490 2368 ζωάγρια,
1541 2284 1982 2363 μοιχάγρια.
2037 2284 2639 2365 ,τρωγλύδριον,
2694 2284 3177 2363 Πριαμιλλύ-

491 2389 560 2440 20
594 2388 851 2466 δριον,
907 2377 1538 2476 νεανιςκύδριόν.
1630 2384 2087 2464 Μεθύδριον
2150 2387 2336 2450 πόλις
2391 2384 2733 2463 Ἀρκαδίας.
2831 2387 2935 2450 καὶ
2995 2385 3178 2464 ἑτέρα

592 2485 777 2549 πόλις
834 2487 1202 2566 Θεςςαλίας,
1261 2488 1350 2552 ὡς
1396 2487 1629 2550 Φίλων.
1717 2487 2145 2566 Τελέθριον
2202 2486 2356 2565 ὄρος
2410 2489 2522 2563 τῆς
2572 2487 2643 2551 ἐν
2689 2486 2919 2570 Εὐβοίᾳ
2964 2486 3175 2550 Ἐλλο-

514 2653 521 2674 ,
591 2586 754 2650 πίας.
823 2585 1120 2666 (τράβων
1167 2588 1396 2671 δεκάτῃ
1439 2589 1527 2672 (p.
1572 2587 1746 2671 445).
1813 2588 2421 2667 Παντομάτριον
2466 2589 2652 2662 πόλις
2701 2587 2954 2666 Κρήτης.
3021 2587 3176 2665 Δη-

454 2922 555 2982 *25

593 2689 734 2766 μήτ
749 2707 926 2765 ριον
991 2688 1195 2751 τόπος
1247 2689 1393 2766 περὶ
1449 2689 1795 2753 Θεςςαλίαν
1851 2690 1997 2768 περὶ
2057 2689 2134 2754 τὸ
2193 2689 2531 2767 Κροκωτὸν
2598 2689 2823 2753 πεδίον
2892 2689 3176 2768 κείμενος

590 2790 766 2868 παρὰ
808 2791 923 2855 τὸν
968 2790 1356 2870 Ἄμφρυςον.
1446 2790 1570 2855 ἔςτι
1616 2792 1718 2855 καὶ
1759 2792 1947 2856 πόλις
1992 2790 2300 2856 Αἰολίδος.
2731 2790 2736 2795 ’

762 2945 799 2980 π·
844 2925 938 2989 Τὰ
995 2926 1101 2990 διὰ
1154 2930 1272 2989 τοῦ
1317 2930 1467 2990 Ἠοῖ
1533 2927 1694 3004 ὑπὲρ
1746 2928 1915 3005 τρεῖς
1972 2927 2286 3008 ςυλλαβὰς
2337 2927 2927 3010 προπαροξύνεται,
2984 2928 3173 2992 Βου-

590 3026 923 3104 πράςιον
977 3027 1164 3092 πόλις
1218 3028 1320 3092 καὶ
1374 3029 1661 3108 ποταμὸς
1714 3030 1818 3093 καὶ
1874 3030 2053 3108 χώρα
2105 3031 2217 3106 τῆς
2259 3029 2522 3093 Ἤλιδος
2580 3029 2684 3092 «οἳ
2739 3028 2970 3107 δ’·ἄρα
3014 3022 3173 3092 Βου-

589 3126 860 3203 πράςιόν
905 3147 973 3191 τε
1018 3129 1120 3191 καὶ
1162 3129 1392 3193 Ἤλιδα
1437 3132 1582 3194 δῖαν
1626 3130 1892 3194 ἔναιον»
1931 3131 2007 3212 (Β
2038 3129 2206 3210 615).
2253 3120 2709 3212 γυμνάςιον,
2756 3129 3171 3212 ἱππάςιον,

590 3228 981 3304 κοράςιον.
1052 3229 1551 3307 Ὀρεςθάςιον
1598 3232 1783 3297 πόλις
1828 3233 2154 3310 Ἀρκαδικὴ
2201 3229 2331 3295 ἀπὸ
2379 3218 2722 3310 Ὀρεςθέως
2765 3235 2883 3295 τοῦ
2927 3231 3169 3295 Λυκάο-

590 3348 720 3392 νος.
775 3329 1140 3394 Παυςανίας
1183 3329 1403 3415 ὀγδόῳ
1446 3330 1579 3413 (27,
1625 3332 1710 3414 3).
1770 3332 2270 3413 Κορυφάςιον
2315 3332 2553 3412 χωρίον
2599 3333 2967 3398 Λακωνικὸν
3010 3335 3168 3412 πλη-

487 3437 554 3488 30
590 3430 724 3507 ςίον
778 3429 1023 3494 Πύλου.
1125 3432 1518 3512 Θουκυδίδης
1570 3434 1837 3518 τετάρτῃ
1903 3435 1983 3516 (ο.
2041 3434 2081 3496 3
2137 3442 2202 3495 et
2260 3432 2421 3515 118).
2523 3434 2581 3497 Ψ
2595 3454 2624 3497 ε
2642 3456 2677 3496 υ
2692 3438 2728 3497 δ
2744 3455 2781 3497 ο
2796 3457 2832 3498 κ
2845 3455 2882 3498 ο
2898 3454 2936 3512 ρ
2951 3434 2991 3498 ά
3004 3455 3065 3497 ςι
3082 3454 3118 3496 ο
3133 3455 3171 3497 ν

482 3943 548 3993 35

589 3531 875 3606 αἰγιαλὸς
922 3532 1114 3610 μέγας
1160 3535 1388 3611 μεταξὺ
1439 3535 1739 3613 Κωρύκου
1785 3537 1888 3599 καὶ
1940 3538 2050 3612 τῆς
2095 3534 2458 3599 (ελευκείας
2508 3539 2618 3611 τῆς
2660 3535 2811 3613 παρ’
2855 3536 3169 3614 Ἰςαύροις.

588 3631 1046 3710 Ἀρτεμίδωρος
1101 3634 1310 3719 ἐνάτῳ
1366 3640 1497 3700 τῶν
1552 3636 2156 3715 γεωγραφουμὲνων
2218 3637 2731 3715 «παραλλάξαντι
2802 3639 2872 3701 δὲ
2931 3636 3167 3714 ταύτην
3254 3627 3274 3659 ³

587 3733 874 3808 αἰγιαλὸς
929 3733 1126 3799 ἄλλος
1174 3736 1493 3814 ἐκδέχεται
1540 3738 1808 3802 ςταδίων
1854 3741 2078 3820 τριῶν,
2137 3738 2476 3817 μηνοειδὴς
2533 3739 2634 3801 καὶ
2677 3737 3002 3818 ὕφορμος,
3060 3757 3167 3800 κα-

588 3834 906 3914 λούμενος
962 3836 1540 3919 Ψευδοκοράςιον».
1642 3839 2093 3918 Θαυμάςιον
2159 3838 2314 3917 ὄρος
2369 3840 2727 3921 Ἀρκαδίας,
2795 3839 2865 3902 ἐν
2933 3838 2985 3923 ᾧ
3051 3839 3167 3902 τὸν

587 3935 767 4001 λίθον
814 3937 852 4000 ὁ
902 3937 1143 4016 Κρόνος
1187 3939 1500 4004 κατέπιεν.
1556 3941 2044 4020 κυνηγέςιον.
2094 3942 2560 4020 Βρεντέςιον
2604 3942 2791 4006 πόλις
2834 3941 3007 4018 παρὰ
3050 3940 3165 4003 τὸν

584 4261 824 4327 νεώριον
872 4261 928 4326 (1.
971 4264 1080 4328 11),
1129 4261 1273 4329 quod
1323 4276 1389 4313 ex
1434 4261 1680 4330 Theogn.
1732 4265 1854 4327 126,
1899 4264 1931 4313 5
1979 4269 2036 4314 et
2081 4260 2416 4328 ἀνεμούριον
2463 4261 2518 4326 (l.
2569 4263 2679 4329 17),
2729 4263 2874 4328 quod
2917 4262 3049 4312 item
3096 4274 3164 4311 ex

583 4332 830 4395 'I'heog-n.
870 4332 901 4385 Ι.
938 4334 999 4394 4,
1045 4332 1141 4381 ubi
1184 4330 1584 4394 ἀνεμοδούριον
1628 4338 1936 4397 corruptum
1983 4333 2209 4396 legitur,
2256 4338 2313 4383 et
2357 4330 2692 4395 ςιςύμβριον,
2742 4331 2884 4395 quod
2931 4333 3062 4379 item
3098 4346 3165 4379 ex

584 4398 830 4464 Theogn.
870 4401 992 4463 126,
1032 4400 1088 4462 7,
1138 4406 1194 4448 et
1237 4398 1541 4463 ἀνδράγρια
1580 4428 1641 4436 -
1682 4397 1999 4463 μοιχάγρια,
2049 4416 2190 4464 quae
2240 4417 2307 4449 ex
2353 4402 2415 4449 E.
2451 4401 2526 4453 M.
2566 4402 2688 4460 102,
2725 4403 2818 4448 32:
2865 4395 3164 4462 ἀνδρόγρια

584 4462 1073 4530 προπαροξύνεται
1110 4466 1188 4518 ὡς
1212 4466 1282 4517 τὸ
1307 4466 1577 4530 Ζωάγρια,
1618 4466 1924 4531 μοιχάγρια,
1964 4474 2022 4517 et
2057 4468 2440 4531 τρωγλύδριον
2466 4494 2527 4503 -
2555 4464 2988 4528 νεανιςκύδριον,
3026 4481 3166 4530 quae

584 4539 714 4583 snut
750 4550 813 4582 ex
854 4534 1102 4599 Theogn.
1144 4538 1256 4596 126,
1293 4538 1376 4585 27.
1520 4537 1553 4586 l.
1591 4539 1657 4586 25
1696 4534 2068 4600 Βουπράςιον,
2110 4536 2253 4599 quod
2287 4552 2356 4585 ex
2396 4538 2476 4585 St.
2507 4534 2565 4587 B.
2606 4535 2845 4598 explevi,
2883 4549 3055 4596 usque
3093 4532 3164 4581 ad

585 4598 844 4663 κοράςιον
881 4608 1009 4651 sunt
1046 4619 1113 4651 ex
1136 4602 1384 4665 Theogn.
1413 4606 1523 4665 125,
1561 4606 1645 4664 27,
1684 4604 1750 4653 de
1777 4609 2080 4668 postu-eme,
2119 4609 2181 4652 ut
2205 4603 2425 4653 videtur
2449 4603 2517 4651 de
2544 4617 2670 4662 sue,
2709 4601 2865 4651 addit
2889 4601 3164 4663 Theogn.:

584 4670 758 4720 τοῦτο
805 4668 873 4720 οὺ
923 4667 1153 4731 δόκιμον
1186 4671 1318 4720 -τοῖς
1370 4672 1626 4721 παλαιοῖς
1666 4670 1950 4735 Ἕλληςιν,
2003 4670 2191 4734 κόριον
2237 4668 2344 4733 γὰρ
2391 4669 2658 4731 λέγουςιν.
2705 4696 2772 4705 -
2817 4665 3167 4732 Ὀρεςτάςιον

586 4758 648 4771 —-
688 4734 1004 4800 Θαυμάςιον
1050 4738 1255 4800 sumpsi
1303 4754 1368 4788 ex
1414 4740 1493 4788 St.
1538 4741 1624 4799 B.,
1670 4737 1998 4803 κυνηγέςιον
2046 4754 2114 4788 ex
2159 4738 2397 4802 Theogn.
2449 4740 2572 4801 125,
2618 4740 2677 4799 4,
2725 4734 3054 4800 Βρεντέςιον
3105 4763 3165 4772 --
