3664 5546
1134 384 1292 440 ΠΕΡΙ
1335 383 1727 440 ΚΑΘΟΛΙΚΗΕ
1764 383 2187 440 ΠΡΟΕΩιΔίΑ(
2227 385 2306 439 ΙΘ.
2900 386 3026 452 517

438 559 1037 638 παραδιαζευκτικός
1078 558 1117 636 ἢ
1163 557 1612 636 διαςαφητικός
1656 554 1950 623 ὀξύνεται
1992 556 2279 621 πάντως·
2324 555 2379 620 εἰ
2423 558 2496 620 δὲ
2540 557 2642 619 καὶ
2685 557 3024 623 πλεονάζει

437 663 514 725 τὸ
559 664 622 742 ἒ,
680 660 784 724 ἐπὶ
836 660 1064 725 τέλους
1117 658 1247 737 ἔχει
1303 659 1420 735 τὴν
1476 656 1709 724 ὀξεῖαν.
1798 657 2224 724 διαζευκτικὸς
2279 658 2395 735 μὲν
2452 658 2537 735 «ἢ
2592 657 2706 723 νύξ
2763 657 2928 723 ἐςτιν
2984 660 3022 737 ἢ

436 761 708 841 ἡμέραν
752 762 827 825 τὸ
871 761 995 839 γὰρ
1041 759 1265 838 ἕτερον
1311 757 1573 841 ἀληθές,
1616 759 1693 823 τὸ
1738 760 1810 823 δὲ
1855 758 2079 837 ἕτερον
2126 758 2378 837 ψευδές.
2469 759 2572 823 καὶ
2613 759 2689 823 τὸ

741 862 943 926 Αἰδώς
955 890 977 944 ,-
1020 861 1321 939 Ἀργεῖοι·
1366 863 1486 926 νῦν
1530 859 1754 939 ἄρκιον
1798 861 1838 938 ἢ
1885 858 2230 925 ἀπολέςθαι

739 964 814 1043 ἠὲ
859 966 1178 1041 ςαωθῆναι
1223 962 1325 1026 καὶ
1368 960 1732 1028 ἀπώςαςθαι
1776 963 1937 1026 κακὰ
1978 965 2196 1040 νηῶν»
2244 960 2326 1041 (O
2370 958 2497 1024 502
2541 969 2605 1024 et
2648 960 2819 1043 503).
3051 973 3083 1021 5

434 1065 1034 1144 παραδιαζευκτικὸς
1064 1065 1135 1129 δὲ
1168 1064 1467 1129 «Φαίδων
1496 1064 1535 1141 ἢ
1568 1064 1711 1143 περὶ
1742 1066 1996 1142 ψυχῆς»
2030 1062 2099 1140 «ἢ
2132 1062 2281 1128 νέος
2309 1058 2385 1141 ἠὲ
2406 1063 2708 1127 παλαιός»
2742 1063 2827 1145 (Ξ
2847 1062 3021 1144 108)·

436 1168 473 1244 ἢ
519 1167 642 1246 γὰρ
685 1167 761 1231 τὸ
806 1166 878 1231 ἓν
922 1167 962 1244 ἢ
1018 1167 1120 1230 καὶ
1162 1166 1238 1231 τὸ
1286 1165 1507 1244 ἕτερον
1553 1165 1591 1243 ἢ
1648 1166 1751 1229 καὶ
1804 1163 2162 1244 ἀμφότερα·
2217 1164 2256 1242 ἡ
2311 1164 2435 1242 γὰρ
2493 1169 2626 1229 τῶν
2682 1169 3022 1231 διαζευκτι-
3112 1185 3126 1197 ·

436 1273 566 1333 κῶν
613 1268 875 1348 δύναμις
916 1268 1180 1345 τοιαύτη
1232 1266 1372 1331 ἐςτί.
1460 1266 1912 1346 διαςαφητικὸς
1956 1266 2027 1330 δὲ
2074 1268 2422 1332 «πλουτεῖν
2477 1267 2515 1343 ἢ
2563 1266 2901 1332 πένεςθαι»
2948 1267 3022 1331 ὃς

436 1370 537 1432 καὶ
579 1370 655 1433 τὸ
701 1388 821 1446 περ
869 1369 1202 1451 λαμβάνει,
1248 1369 1410 1446 ἤπερ
1454 1368 1765 1433 πενεςθαι.
1961 1382 1974 1389 “

741 1469 1014 1550 βούλομ’
1059 1470 1186 1544 ἐγὼ
1233 1470 1394 1535 λαὸν
1441 1468 1595 1534 ςόον
1640 1468 1901 1547 ἔμμεναι
1945 1469 1984 1546 ἢ
2030 1466 2379 1533 ἀπολέςθαι
2425 1470 2502 1550 (Α
2551 1467 2717 1549 117).
3058 1477 3125 1529 10

434 1575 731 1651 διαςαφεῑ
771 1572 895 1650 γὰρ
939 1572 1016 1636 τὸ
1061 1570 1317 1653 ἕτερον,
1363 1569 1525 1649 ὅπερ
1569 1568 1854 1648 αἱρεῖται.
3129 1606 3134 1614 ·

602 1672 821 1737 Ἡνίκα
863 1672 1089 1750 εὑρέθη
1151 1671 1518 1751 διαπόρηςις
1572 1673 1727 1751 μετὰ
1783 1670 2187 1753 διαζεύξεως,
2243 1671 2389 1736 τότε
2440 1672 2555 1737 τὸν
2600 1672 2715 1751 μὲν
2760 1675 3022 1750 πρῶτον

435 1778 473 1851 ἧ
519 1774 980 1855 ὀξυτονητέον,
1025 1773 1140 1838 τὸν
1186 1774 1258 1837 δὲ
1302 1773 1608 1852 δεύτερον
1652 1772 2111 1850 περιςπαςτέον
2165 1770 2311 1837 οἷον

737 1875 776 1952 ἢ
821 1877 1047 1953 δολιχὴ
1091 1878 1322 1941 νοῦςος
1365 1874 1403 1953 ἦ
1448 1875 1735 1953 Ἄρτεμις
1779 1872 2068 1952 ἰοχέαιρα
2110 1871 2265 1955 (Od.
2315 1876 2351 1937 λ
2401 1873 2565 1953 172).

434 1975 692 2042 ἐναντία
733 1977 856 2055 γὰρ
900 1980 1097 2041 ταῦτα
1126 1976 1452 2057 μαχόμενα
1495 1977 1598 2040 καὶ
1641 1974 1771 2055 ἅμα
1799 1974 1964 2041 εἶναι
2011 1975 2092 2040 οὐ
2137 1975 2475 2054 δυνάμενα.
2542 1976 2646 2039 καὶ
2689 1976 2794 2040 διὰ
2822 1979 3018 2040 τοῦτο
3063 1984 3121 2035 15

434 2077 732 2157 ἑρώτηςις
775 2080 878 2144 καὶ
920 2077 1159 2158 ἀπορία
1202 2077 1358 2157 μετὰ
1401 2077 1792 2146 διαζεύξεως.
1879 2076 2140 2142 τοιοῦτό
2185 2076 2307 2141 ἐςτι
2353 2076 2457 2140 καὶ
2499 2077 2574 2141 τὸ

430 2400 559 2467 τρία
596 2401 685 2452 καί
723 2399 1108 2465 βαρυνόμενον
1144 2397 1206 2462 (i.
1242 2415 1291 2450 e.
1327 2397 1695 2461 ὁξυνόμενον)
1732 2396 1876 2462 τρία.
1945 2395 2371 2461 περιςπώμενος
2408 2397 2511 2461 μὲν
2555 2396 2661 2462 γάρ
2697 2398 2808 2450 ἐςτι
2847 2380 3018 2466 παρα-

433 2467 868 2532 πληρωματικός
916 2467 1041 2530 (sed
1084 2466 1440 2517 Herodianus
1494 2465 1529 2529 ἤ
1576 2466 1678 2515 hoc
1722 2466 2012 2516 intellectu
2060 2466 2116 2515 in
2160 2463 2214 2517 τί
2259 2466 2294 2529 ἦ
2344 2466 2651 2516 acuendum
2694 2483 2816 2518 esse
2863 2485 3017 2533 prae-

433 2540 649 2598 scribit,
687 2538 745 2585 in
780 2533 903 2597 ἐπεὶ
939 2533 974 2597 ἦ
1012 2549 1144 2584 vero
1185 2536 1237 2583 ei
1281 2531 1319 2596 ἦ
1357 2549 1468 2582 non
1512 2532 2138 2598 παραπληρωματικόν,
2187 2533 2283 2584 sed
2333 2534 2758 2599 significativum
2808 2536 2914 2586 fuit
2950 2538 3021 2587 cf.

434 2604 612 2654 Lehrs
649 2607 862 2666 quaest.
900 2618 929 2652 e
973 2638 984 2650 .
1021 2603 1086 2651 63
1122 2600 1286 2664 not),
1326 2599 1714 2665 βεβαιωτικός,
1762 2600 2175 2666 διαπορητικός.
2247 2600 2625 2665 βαρυνόμενος
2662 2599 2722 2652 δέ
2758 2601 2870 2653 ἐςτι
2908 2603 3020 2655 δια-

431 2670 742 2734 ζευκτικός,
782 2618 1336 2734 παραὲιαζευκτικός,
1375 2667 1794 2733 διαςαφητικός·
1844 2668 1876 2720 6
1922 2666 2023 2731 μὲν
2068 2667 2443 2721 διαζευκτικὸς
2489 2667 2676 2721 οὕτως
2713 2669 2790 2732 «ἢ
2837 2669 3020 2736 ἡμέρα
3127 2718 3130 2721 .

431 2737 582 2791 ἐςτίν
634 2738 669 2802 ἢ
723 2735 819 2790 νύξ
833 2750 878 2788 ».
950 2735 983 2789 6
1035 2735 1096 2787 δὲ
1142 2735 1671 2801 παραδιαζευκτικὸς
1716 2738 1896 2789 κεῖται
1948 2735 2076 2788 ἀντὶ
2127 2738 2231 2788 τοῦ
2276 2733 2368 2790 καί
2415 2734 2494 2789 ὡς
2548 2736 2700 2802 παρὰ
2744 2736 3019 2791 Πλάτωνι

376 2801 384 2808 ’
430 2803 674 2858 «Μίνως
709 2805 744 2869 ἢ
783 2805 912 2870 περὶ
948 2804 1187 2867 νόμων»
1231 2803 1359 2855 ἀντὶ
1404 2807 1507 2856 τοῦ
1555 2805 1646 2856 καὶ
1692 2806 1822 2870 περὶ
1867 2804 2066 2868 νόμων
2112 2802 2210 2871 (ef.
2248 2806 2430 2871 Apoll.
2478 2805 2543 2855 de
2581 2810 2719 2857 coni.
2755 2809 2872 2870 485,
2915 2810 3016 2868 15).

431 2874 500 2925 τὸ
536 2873 597 2925 δὲ
633 2871 947 2936 «βούλομαι
992 2873 1263 2924 πλουτεῖν
1308 2872 1344 2935 ἢ
1383 2870 1686 2925 πένεςθαι»
1734 2872 1825 2939 (cs.
1860 2872 2042 2938 Apoll.
2081 2889 2129 2938 p.
2165 2875 2291 2934 487,
2330 2874 2418 2938 25)
2462 2875 2566 2924 τοῦ
2614 2874 3015 2939 διαςαφητικοῡ

432 2941 596 2993 ἐςτιν.
666 2940 792 2993 ἔθος
828 2940 889 2991 δὲ
925 2943 1044 2991 τοῖς
1080 2939 1497 3005 διαςαφητικοῑς
1544 2939 1857 3003 ςυνδέςμοις
1902 2939 2004 2991 δύο
2042 2938 2392 3004 πραγμάτων
2437 2943 2541 2991 τοῦ
2592 2941 2694 3004 μὲν
2731 2941 2859 2993 ἑνὸς
2897 2958 3018 2994 ποι-

431 3013 605 3061 εῖςθαι
639 3007 877 3072 αἵρεςιν,
915 3010 1018 3059 τοῦ
1054 3007 1114 3059 δὲ
1152 3006 1348 3072 ἑτέρου
1385 3006 1691 3073 ἀποβολήν.
1762 3009 1853 3059 καὶ
1890 3006 2146 3072 ἀποβολὴ
2194 3007 2297 3071 μὲν
2334 3006 2413 3060 ὡς
2447 3008 2518 3059 τὸ
2554 3008 2866 3072 «βούλομαι
2902 3009 3016 3073 ἐγὼ

431 3077 574 3129 λαὸν
610 3076 743 3128 ςόον
780 3076 1011 3140 ἔμμεναι
1047 3076 1082 3140 ἢ
1120 3074 1468 3127 ἀπολέςθαι»
1505 3074 1573 3139 (Α
1613 3075 1764 3141 117),
1811 3073 2016 3140 αἵρεςις
2061 3075 2122 3127 δὲ
2169 3075 2248 3127 ὡς
2291 3074 2361 3127 τὸ
2409 3074 2608 3140 «ῥανὶς
2644 3079 2879 3141 φρενῶν
2925 3094 3017 3141 μοι

433 3145 648 3208 μᾶλλον
682 3145 718 3208 ἢ
758 3143 928 3207 βυθὸς
963 3142 1196 3207 τύχης».
1243 3144 1537 3194 Caeterum
1574 3144 1647 3193 cf.
1685 3160 1805 3194 oum
1840 3144 1940 3194 hoc
1977 3144 2288 3208 fragmento
2327 3144 2416 3197 Cr.
2445 3144 2619 3208 Epim.
2655 3146 2682 3195 Ι
2723 3146 2817 3194 188
2846 3161 2903 3196 se
2947 3163 3016 3210 q.‚

430 3214 526 3263 ubi
561 3229 628 3263 ex
667 3214 1031 3277 posteriorum
1075 3227 1222 3262 more
1269 3228 1365 3276 pro
1404 3210 1934 3274 παραδιαζευκτικὸς
1979 3212 2218 3277 positum
2250 3217 2336 3263 est
2379 3210 2870 3264 ὑποδιαζευκτικός
2942 3216 3016 3268 cf.

432 3281 609 3331 Lehrs
644 3295 735 3344 qu.
772 3296 857 3345 ep.
896 3281 984 3343 51)
1023 3284 1081 3329 et
1115 3280 1216 3329 An.
1252 3279 1427 3329 Paris.
1463 3280 1547 3329 111
1584 3282 1683 3330 302
1716 3280 1815 3330 ubi
1862 3277 2091 3343 ὁρκικὸν
2128 3277 2207 3330 ὡς
2245 3277 2584 3343 Ἡρωδιανὸς
2621 3293 2791 3343 φηςιν
2825 3279 3015 3344 «ἠμέν

434 3360 566 3409 μοι»
604 3346 672 3412 (Α
710 3344 800 3410 77)
837 3362 945 3397 non
983 3347 1051 3397 de
1086 3346 1152 3410 ἦ,
1192 3346 1291 3396 sed
1327 3346 1394 3396 de
1431 3344 1573 3411 ἠμέν
1609 3347 1645 3401 i.
1686 3363 1736 3412 q.
1772 3345 1931 3411 ἠμήν
1961 3346 2395 3412 intellegendum
2429 3353 2531 3398 est.
2736 3347 2770 3398 l.
2811 3350 2840 3397 2
2877 3349 2943 3399 de
2981 3350 3015 3413 ἤ

430 3414 790 3479 διαζευκτικῷ
828 3414 914 3464 his
950 3413 1089 3465 locis
1122 3414 1327 3464 Herod.
1352 3415 1496 3478 agit:
1536 3415 1602 3464 11.
1629 3416 1719 3468 Pr.
1747 3411 1785 3467 Ε
1810 3417 1935 3465 812:
1974 3415 2009 3478 ἦ
2037 3412 2105 3465 νύ
2130 3428 2214 3466 ςε;
2256 3413 2288 3466 6
2324 3415 2358 3478 ἤ
2397 3413 2678 3467 ὀξύνεται·
2717 3414 3014 3468 διαζευκτι·

432 3480 531 3534 κὸς
575 3479 696 3546 γάρ.
779 3479 817 3533 Κ
866 3484 987 3531 174:
1035 3481 1098 3545 ἤε
1145 3479 1320 3546 ἄμφω
1366 3480 1500 3532 τοὺς
1548 3481 1880 3545 ςυνδέςμους
1925 3480 2226 3544 ἐγκλιτέον.
2307 3482 2672 3535 διαζευκτικοῑ
2714 3480 2820 3547 γάρ
2865 3481 3015 3534 εἰςιν.

432 3548 469 3601 Ε
504 3552 622 3601 885.
656 3551 781 3599 887:
828 3548 864 3611 ἢ
903 3576 967 3584 -
1000 3549 1064 3612 ἦε
1115 3548 1480 3602 διαζευκτικοί
1524 3547 1864 3614 ἀμφότεροι·
1919 3549 2004 3601 διὸ
2049 3549 2346 3602 ὁξύνονται
2388 3549 2477 3600 διὰ
2517 3549 2590 3602 τὰ
2633 3548 3015 3614 ἐπιφερόμενα

432 3614 715 3678 ἑγκλιτικὰ
760 3614 929 3681 χωρίς
974 3614 1023 3668 εἰ
1069 3617 1143 3680 μὴ
1192 3616 1226 3667 6
1269 3615 1532 3681 δεύτερος
1580 3616 1957 3681 βεβαιωτικός.
2029 3617 2117 3668 καί
2164 3617 2271 3681 γὰρ
2314 3620 2490 3669 τοῦτο
2538 3617 2752 3681 μᾶλλον
2797 3615 2940 3669 αἰτεῖ
2977 3619 3012 3680 ή

432 3681 660 3735 διάνοια.
727 3682 775 3735 Ζ
809 3686 934 3735 439:
972 3685 1008 3748 ἢ
1044 3711 1111 3720 --
1146 3684 1208 3747 ἦε
1246 3683 1335 3735 διὰ
1370 3683 1440 3735 τὸ
1477 3684 1588 3736 πού
1626 3685 1715 3737 καὶ
1750 3685 1820 3736 νύ
1855 3684 1961 3736 τὸν
1996 3685 2032 3748 ἤ
2059 3684 2464 3749 ὀξυτονητέον,
2503 3683 2566 3737 ὃς
2601 3684 2833 3737 δύναται
2870 3685 3014 3737 εἶναι

430 3750 803 3804 διαζευκτικὸς
839 3750 875 3813 ἢ
912 3750 1003 3802 καὶ
1040 3751 1584 3816 παραδιαζευκτικός.
1655 3753 1837 3804 Schol.
1873 3752 1944 3803 ad
1980 3753 2083 3803 Od.
2121 3768 2138 3803 ι
2174 3756 2298 3804 273:
2346 3751 2547 3816 νήπιός
2585 3750 2690 3815 εἰς,
2747 3751 2795 3803 ὦ
2850 3754 3013 3816 ξεῖνε,

431 3819 466 3882 ἢ
503 3817 751 3884 τηλόθεν
788 3815 1145 3881 είλήλουθαςῑ
1187 3818 1496 3883 βαρυντέον
1530 3819 1636 3873 τὸν
1681 3819 1733 3883 ἤ.
1803 3819 2180 3874 διαζευκτικὸς
2224 3818 2297 3883 γά
2367 3819 2503 3872 ἑςτι·
2551 3819 2619 3872 οὐ
2665 3819 2771 3885 γὰρ
2808 3820 3013 3888 ἐρωτᾷ,

430 3885 557 3938 ἀλλ’
589 3882 994 3950 ἀποφαίνεται,
1033 3886 1120 3938 ὅτι
1155 3887 1235 3938 δι’
1269 3885 1595 3953 ἀφροςύνην
1639 3887 1674 3951 ἢ
1718 3886 1807 3939 διὰ
1853 3886 2110 3953 ἀπειρίαν
2157 3888 2236 3940 ὡς
2281 3835 2351 3938 ἕν
2396 3887 2677 3953 μακρόθεν
2725 3887 3014 3953 ἐληλυθὼς

430 3952 502 4005 τὰ
545 3955 667 4005 τῶν
706 3952 1038 4006 Κυκλώπων
1082 3953 1289 4017 ἀγνοεῖ.
1370 3954 1402 4005 λ
1436 3958 1561 4007 403:
1610 3954 1677 4020 ἠὲ
1720 3955 1850 4020 περὶ
1893 3955 2089 4008 πόλιος
2137 3955 2554 4019 μαχεούμενον;
2613 3953 2858 4007 ἐνταῦθα
2903 3955 3014 4007 δια-

431 4023 733 4074 Ζευκτικῶς
771 4024 984 4073 νοεῖται
1007 4048 1072 4058 -
1095 4026 1222 4074 459:
1258 4022 1411 4086 ἦπου
1449 4021 1511 4073 ἐν
1538 4021 1861 4090 Ὀρχομενῷ
1898 4022 1932 4087 ἢ
1971 4022 2033 4075 ἐν
2065 4022 2270 4088 Πύλῳ;
2310 4021 2686 4086 ὀξυτονητέον
2721 4022 2856 4074 τοὺς
2893 4038 3015 4074 ςυν-

431 4088 680 4151 δέςμους.
749 4088 1113 4142 διαζευκτικοὶ
1150 4091 1273 4156 (pro
1310 4089 1665 4152 διςτακτικοὶ)
1701 4090 1774 4153 γά
1845 4088 1993 4142 εἰςιν.
2065 4092 2136 4141 cf.
2174 4091 2204 4153 β
2240 4094 2305 4140 29
2343 4097 2400 4140 et
2434 4090 2466 4141 δ
2503 4093 2617 4141 372.
2805 4090 2842 4143 1.
2878 4092 2910 4139 6
2947 4092 3015 4141 de

431 4158 466 4220 ἤ
506 4155 1018 4220 παραδιαζευκτικῶ
1058 4159 1131 4208 cf.
1166 4157 1231 4209 11.
1258 4158 1348 4209 Pr.
1374 4156 1420 4212 Θ
1458 4162 1583 4209 290:
1622 4158 1656 4221 ἢ
1692 4172 1762 4222 τρ
1786 4158 1915 4210 ποδ’
1948 4157 2015 4222 ἠὲ
2051 4157 2170 4210 δύω
2204 4154 2442 4209 ἵππους;
2483 4156 3014 4221 παραδιαζευκτικός

431 4224 465 4275 6
500 4224 536 4288 ἦ
575 4222 654 4274 ὡς
688 4224 758 4275 τὸ
796 4223 906 4288 «ήὲ
939 4210 1058 4276 δύω
1094 4223 1162 4288 ἠὲ
1197 4229 1351 4290 τρεῖς
1384 4223 1591 4290 ἄνδρας
1627 4224 1892 4290 ἐρυςθαι»
1929 4224 2056 4290 (Od.
2084 4239 2110 4276 ε
2134 4225 2258 4288 484)
2302 4226 2375 4275 cf.
2402 4222 2447 4276 Ο
2476 4228 2573 4275 105
2598 4230 2656 4276 et
2683 4227 2794 4277 106.
2833 4226 3013 4276 Schol.

432 4293 505 4342 ad
542 4292 645 4341 Od.
682 4292 714 4342 λ
753 4295 875 4342 12οε
912 4291 980 4357 ἠὲ
1015 4291 1169 4359 δόλῳ
1206 4292 1241 4355 ἢ
1277 4291 1569 4356 ἀμφαδόν;
1608 4292 1676 4344 οὐ
1713 4291 1973 4358 διςτάζει,
2012 4292 2137 4344 ἀλλ’
2171 4292 2205 4343 6
2241 4292 2276 4355 ἢ
2313 4290 2439 4343 ἀντὶ
2475 4294 2579 4343 τοῦ
2618 4289 2723 4344 καί.
2909 4294 2944 4346 1.
2981 4295 3013 4342 8

431 4359 499 4410 de
537 4359 572 4422 ἠ
608 4359 990 4438 διαςαφητικῷ
1027 4361 1100 4415 of.
1125 4360 1302 4410 Schol.
1337 4360 1408 4411 ad
1446 4361 1548 4411 Od.
1573 4361 1606 4412 θ
1643 4362 1765 4411 188:
1803 4359 1838 4424 ἢ
1876 4358 1981 4428 οἵῳ
2019 4358 2289 4427 Φαίηκες;
2326 4360 2474 4425 ἤπερ
2512 4360 2558 4426 ᾧ
2597 4357 2864 4424 Φαίηκεςε
2903 4360 3015 4411 δια-

429 4425 907 4560 ἑῖἳῧῗέἕῖἓεᾌζ
944 4441 1012 4546 οἳ»,
1039 4425 1536 4548 ἱῗὲὲεῧκῗζᾊῗόῗ
1552 4427 2149 4560 εοζτέῗᾞὲῗῖἳέλῖἒό
2169 4425 3015 4560 «ἕάχὲἒαὲῗῗῶᾞῗὲργὲἷοὲὲἷὲῖ

566 4563 601 4613 l.
638 4565 701 4613 12
739 4579 836 4628 pro
871 4560 1040 4614 οὗτος
1078 4562 1110 4614 6
1146 4562 1523 4616 διαζευκτικὸς
1560 4563 1702 4629 μετὰ
1735 4563 2122 4629 διαπορήςεως
2156 4561 2586 4628 προφερόμενος
2611 4562 2717 4613 τὸν
2741 4561 3010 4627 δεύτερον

433 4627 859 4696 ἐρωτηματικὸν
895 4629 1037 4682 ὄντα
1073 4629 1321 4683 πάντως·
1349 4636 1592 4699 περιςπᾷ
1637 4633 1757 4698 (pro
1794 4631 2156 4696 περιςπῶςιν)
2205 4628 2331 4683 οἷον
2368 4632 2488 4686 κτλ.
2572 4646 2675 4680 uae
2721 4633 2791 4682 ab
2840 4632 3010 4697 epito—

436 4703 642 4748 matore
686 4713 949 4763 perversa
996 4714 1119 4750 esse
1167 4699 1330 4750 docet
1374 4701 1567 4756 Lehrs.
1617 4716 1707 4766 qu.
1753 4716 1839 4766 ep.
1879 4703 1971 4761 52,
2028 4700 2187 4766 posui
2231 4695 2399 4762 ἡνίκα
2441 4697 2541 4762 εὑρ
2573 4699 2643 4762 θη
2689 4697 3010 4763 διαπόρηςις

437 4763 575 4824 μετὰ
610 4763 933 4819 διαζεύξεως
971 4782 1040 4818 ex
1074 4768 1196 4818 Are.
1224 4767 1339 4830 185,
1363 4771 1395 4819 9
1433 4768 1557 4819 coll.
1592 4770 1709 4822 cod.
1736 4771 1962 4820 Baroco.
1990 4775 2048 4819 et.
2081 4767 2186 4818 τὸν
2224 4765 2327 4831 μὲν
2364 4767 2596 4830 πρῶτον
2633 4764 3010 4831 ὁξυτονητὲον

435 4855 503 4866 -
536 4833 939 4896 περιςπαςτέον
977 4851 1045 4887 ex
1076 4835 1144 4887 ΙΙ.
1180 4835 1269 4886 Pr.
1303 4835 1361 4888 Π
1394 4839 1514 4890 436.
1681 4839 1720 4893 l.
1760 4840 1823 4889 15
1866 4853 1963 4903 pro
1998 4834 2088 4890 διὰ
2122 4836 2295 4886 τοῦτο
2330 4831 2597 4888 διάζευξιν
2634 4832 2764 4898 μετ’
2800 4833 3012 4907 ἐρωτή-
