3664 5546
696 389 862 438 XCIV
1769 391 2186 441 PRAEFATIO.

602 579 610 586 ·
697 546 866 612 crasi
913 544 991 630 (Α
1018 545 1148 611 465
1177 549 1251 612 τὸ
1295 545 1498 612 τᾶλλα
1541 549 1700 612 κατὰ
1743 549 2139 628 ςυναλοιφήν
2171 548 2334 614 ἐςτιν
2368 548 2458 614 ὡς
2488 546 2715 634 τᾶργα)
2763 557 2829 611 et
2858 545 2941 610 de
2971 544 3264 633 ecthlipsi

698 649 781 727 (Ζ
821 647 948 713 465
991 650 1139 729 πρίν
1182 670 1257 726 γε
1300 670 1385 713 τι;
1446 649 1566 728 οὐχ
1625 650 1818 726 ὑγιῶς
1864 650 1901 713 ὁ
1945 651 2349 729 Πτολεμαῖος
2409 649 2606 724 οἴεται
2661 653 3060 731 ςυναλοιφὴν
3108 650 3263 715 εἶναι

696 753 813 836 [sc.
859 752 1008 832 πρίν
1051 753 1124 828 γ’
1170 751 1336 835 ἔτι]).
1437 749 1591 815 Vox
1645 756 1855 831 κρᾶςις
1908 760 1975 815 et
2030 750 2111 816 de
2165 751 2625 816 commixtione
2681 750 2957 816 duarum
3011 773 3264 832 vocum,

695 876 822 940 quo
869 852 1200 919 intellectu
1244 851 1437 918 hodie
1483 850 1678 931 solet,
1727 862 2083 939 usurpatur
2128 852 2236 938 (Il.
2268 853 2376 919 Pr.
2406 855 2457 918 Α
2484 852 2608 918 278
2651 855 2933 934 Πηλείδή
2968 855 3123 919 ’θέλε
3170 855 3263 919 ἐν·

694 957 848 1021 θάδε
893 957 1155 1036 ἄμεινον
1211 956 1315 1020 ἐπὶ
1365 956 1482 1033 τὴν
1541 958 1620 1035 δή
1666 959 1981 1037 ςυλλαβὴν
2039 956 2251 1023 ὀξεῖαν
2309 958 2857 1041 παραλαμβάνειν,
2908 957 3019 1023 ἵνα
3056 960 3268 1036 Δκρᾶιςις

693 1060 732 1143 ᾖ
775 1061 894 1123 τοῦ
950 1058 1146 1122 ἔθελε.
1235 1058 1287 1123 Θ
1331 1055 1457 1120 299
1510 1058 1620 1123 ὅτε
1676 1062 1753 1138 δὴ
1811 1059 2051 1139 φάμεν;
2110 1058 2228 1124 οὐκ
2287 1057 2637 1135 ἀναγκαῖον
2694 1058 2944 1126 ὀξύνειν
2998 1060 3114 1123 τὸν
3170 1059 3265 1141 δή,

690 1161 798 1225 ἵνα
858 1163 1067 1238 κρᾶςις
1117 1160 1402 1246 γένηται)
1467 1168 1532 1223 et
1597 1158 1679 1224 de
1739 1159 2177 1243 contractione
2242 1159 2417 1225 intra
2480 1159 2672 1224 unius
2740 1158 3046 1226 vocabuli
3110 1160 3266 1224 fines

695 1258 966 1345 (Arcad.
1017 1260 1155 1342 130,
1201 1261 1240 1325 8
1285 1263 1360 1327 τὸ
1406 1262 1683 1341 Ἐρετριᾶ
1727 1264 1827 1327 καὶ
1852 1253 2131 1341 ΙΠειρειᾶ
2185 1264 2289 1326 καὶ
2334 1261 2574 1341 (τειριᾶ
2617 1263 2776 1328 κατὰ
2819 1268 3034 1342 κρᾶςιν
3077 1268 3195 1328 τοῦ
3238 1269 3267 1327 ἒ

693 1366 795 1430 καὶ
837 1362 924 1445 ἃ).
1013 1364 1356 1442 ςυναίρεςις
1400 1360 1486 1427 ad
1531 1385 1786 1427 omnem
1832 1364 2111 1428 duarum
2155 1362 2479 1428 vocalium
2522 1363 2713 1428 unius
2771 1362 3075 1430 vocabuli
3121 1385 3265 1428 con-

691 1465 1044 1530 cretionem
1086 1464 1558 1548 designandam
1602 1465 1967 1531 adhibetur.
2024 1464 2105 1530 Id
2152 1464 2530 1547 discrimen,
2578 1464 2749 1553 quod
2778 1465 3268 1531 Choeroboscus

693 1568 863 1632 inter
906 1567 1288 1654 synaeresin
1333 1577 1400 1632 et
1443 1568 1660 1632 crasin
1703 1568 1936 1633 statuit
1988 1591 2054 1654 p.
2105 1568 2221 1632 157
2237 1557 2267 1648 ,’
2306 1569 2370 1632 1:
2430 1572 2529 1633 δεῖ
2571 1570 2895 1645 γινώςκειν
2951 1569 3049 1633 ὅτι
3104 1568 3269 1633 ἄλλο

695 1671 1037 1751 ςυναίρεςις
1080 1671 1182 1735 καὶ
1224 1669 1386 1735 ἄλλο
1432 1674 1668 1749 κρᾶςις·
1713 1671 1752 1751 ἡ
1799 1673 1912 1750 μὲν
1958 1672 2079 1749 γὰρ
2127 1671 2467 1749 ςυναίρεςις
2523 1671 2780 1736 πάντως
2837 1670 3000 1735 αὐτὰ
3048 1670 3270 1751 φωνή-

694 1791 846 1838 εντα
889 1773 1192 1854 φυλάςςει
1236 1774 1340 1837 καὶ
1395 1771 1487 1857 οὐ.
1531 1775 1804 1837 ποιεῖται
1859 1772 2220 1851 ἐναλλαγὴν
2274 1778 2405 1838 τῶν
2464 1773 2860 1853 φωνηέντων
2921 1772 3066 1838 οἷον
3120 1774 3271 1837 πάϊς

695 1878 872 1958 παῖε,
916 1875 1120 1954 Πηλέϊ
1161 1876 1408 1956 Πηλεῖ,.
1438 1876 1616 1953 ταχέί·
1659 1878 1838 1953 ταχεῖ
1851 1923 1869 1958 ,
1914 1874 2311 1953 Δημοςθενέϊ
2340 1875 2761 1954 Δημοςθένει·
2807 1875 2949 1940 ἰδοὺ
2996 1875 3271 1940 ἐνταῦθα

696 1978 775 2040 τὰ
816 1977 979 2041 αὐτὰ
1023 1977 1368 2057 φωνήεντα
1413 1977 1862 2057 ἐφυλάχθηςαν
1905 1978 2009 2041 καὶ
2037 1976 2126 2041 εἰς
2171 1977 2314 2055 μίαν
2361 1979 2673 2058 ςυλλαβὴν
2721 1979 3052 2054 ςυνῆλθον.
3110 1978 3152 2055 ἡ
3201 1979 3269 2040 δὲ

694 2082 904 2156 κρᾶςις
948 2077 1286 2144 ἀλλοίωςιν
1343 2077 1607 2142 πάντων
1655 2077 2081 2156 1ἀπεργάζεται
2137 2083 2273 2143 τῶν
2325 2080 2722 2159 φωνηέντων
2778 2077 2923 2143 οἷον
2979 2080 3054 2142 τὸ
3111 2078 3267 2158 ἐμόν

694 2180 971 2263 τούμόν,
1014 2180 1095 2244 τὰ
1139 2180 1258 2260 ἐμά
1301 2179 1495 2263 τάμά,
1541 2180 1697 2245 νόος
1741 2183 1927 2261 νοῦς,
1985 2179 2140 2260 ῥόος
2187 2180 2371 2263 ῥοῦς,
2428 2180 2844 2260 Δημοςθὲνεα
2888 2180 3267 2260 Δημοςθένη

696 2291 761 2344 et
802 2304 867 2368 p.
919 2280 1069 2345 172:
1132 2282 1447 2347 οὐδέποτε
1500 2285 1711 2361 κρᾶςις
1764 2283 2003 2358 γίνεται
2048 2281 2157 2346 ἐπ’
2200 2281 2541 2362 ὀνομάτων
2599 2283 2852 2363 βαρείας
2903 2284 3007 2348 καὶ
3060 2282 3270 2349 ὀξείας

696 2384 784 2450 εἰς
828 2383 1041 2452 ὀξεῖαν
1089 2385 1572 2464 ςυνερχομένων
1617 2382 1768 2464 οἷον
1794 2384 1948 2449 θοός
1979 2383 2231 2467 ἐνδεής,
2267 2383 2602 2467 παμφαὴς,
2650 2382 2918 2467 ἀκραής,
2964 2383 3269 2463 ἀνηλεής·

694 2487 1189 2568 ςεςημειωμένου
1254 2490 1371 2551 τοῦ
1436 2487 1601 2553 ζωός
1655 2487 1796 2554 ζώς.
1900 2487 2172 2551 ἐνταῦθα
2236 2487 2359 2565 γὰρ
2415 2490 2624 2564 κρᾶςις
2691 2486 2947 2562 ἐγένετο
3016 2486 3270 2565 βαρείας

694 2590 796 2654 καὶ
840 2588 1047 2657 ὀξείας
1102 2589 1190 2653 εἰς
1234 2588 1447 2655 ὀξεῖαν
1506 2589 2006 2668 ςυνερχομένων.
2094 2589 2196 2652 καὶ
2238 2589 2361 2667 γὰρ
2421 2589 2654 2666 Κιςςηῖς
2703 2589 2914 2671 Κιςςῄς
2966 2588 3071 2652 καὶ
3127 2589 3268 2668 Βρι-

696 2694 826 2771 ςηῒς
858 2693 1077 2773 Βριςῄς
1119 2690 1222 2755 ’καὶ
1270 2690 1503 2769 Νηρηῖς
1537 2690 1775 2775 Νηρῄς,
1820 2690 1876 2754 εἰ
1918 2692 2020 2754 καὶ
2064 2690 2195 2754 ἀπὸ
2242 2691 2492 2771 βαρείας
2537 2691 2640 2755 καὶ
2682 2689 2888 2756 ὀξείας
2934 2691 3021 2755 εἰς
3051 2689 3268 2757 ὀξεῖαν

695 2798 1036 2873 ςυνῆλθον,
1106 2794 1224 2857 οὐκ
1289 2791 1666 2858 ἀντίκεινται
1720 2794 1901 2875 ἡμῖν,
1964 2793 2181 2871 ἐπειδὴ
2241 2794 2360 2858 οὐκ
2421 2794 2719 2861 ἐδέξαντο
2786 2796 3033 2875 κρᾶςιν,
3100 2792 3269 2858 ἀλλὰ

695 2898 1074 2981 ςυναίρεςιν,
1118 2915 1327 2979 neque
1371 2901 1589 2957 tamen
1630 2893 1773 2978 ipse
1818 2915 2075 2979 semper
2117 2894 2427 2959 observat
2470 2895 2652 2978 (nam
2695 2916 2754 2980 p.
2788 2894 2932 2974 253,
2971 2894 3042 2957 17
3088 2904 3265 2958 utra-

694 3021 819 3084 que
862 2995 1330 3062 vocabulorum
1374 2994 1623 3080 species
1669 2995 1929 3059 nomine
1972 3014 2229 3059 craseos
2276 3005 2341 3060 et
2383 3017 2805 3083 synaereseos
2850 2995 3268 3082 comprehen-

695 3101 904 3163 ditur:
950 3100 1025 3165 τὸ
1070 3099 1196 3166 ζώς
1240 3097 1372 3162 ἀπὸ
1417 3097 1827 3175 ςυναιρέςεως
1873 3098 2158 3173 ἐγένετο·
2204 3097 2334 3163 ἀπὸ
2378 3101 2499 3178 γὰρ
2551 3102 2667 3163 τοῦ
2710 3097 2876 3164 ζαίός
2924 3102 3041 3163 τοῦ
3092 3102 3269 3166 ζωοῦ

674 3202 952 3278 ,ἐγένετο
1005 3201 1163 3266 κατὰ
1216 3202 1429 3277 κρᾶςιν
1487 3198 1525 3262 ὁ
1569 3200 1694 3266 tube
1747 3204 1864 3263 τοῦ
1908 3205 1997 3266 ζῶ
2047 3203 2159 3277 τῆς
2213 3200 2463 3279 βαρείας
2504 3200 2607 3265 καὶ
2649 3200 2854 3267 ὀξείας
2908 3201 2997 3266 εἰς
3052 3201 3269 3268 ὀξεῖαν

697 3308 1174 3380 ςυναιρεθειςῶν
1244 3302 1455 3379 ὥςπερ
1524 3301 1629 3365 ἐπὶ
1677 3305 1795 3365 τοῦ
1850 3301 2086 3366 ἑςταώς
2149 3300 2372 3383 ἑςτώς,
2439 3304 2680 3383 βεβαώς
2735 3303 2963 3386 βεβώς,
3033 3303 3270 3384 Νηρηῖς

699 3404 964 3487 Νηρῄς);
1010 3400 1134 3467 hoc
1177 3402 1378 3485 igitur
1423 3401 1774 3466 discrimen
1818 3401 1903 3466 ab
1949 3400 2324 3467 Herodiano
2368 3424 2500 3481 non
2545 3412 2858 3468 statutum
2903 3412 3023 3485 est,
3069 3426 3270 3490 quare

695 3504 934 3569 iniuria
974 3502 1270 3569 Lobeck.
1301 3501 1404 3568 El.
1437 3504 1470 3568 I
1501 3503 1621 3567 301
1670 3503 2123 3589 epitomatores
2157 3503 2517 3569 Herodiani
2560 3516 2775 3587 notat,
2821 3504 2996 3591 quod
3040 3528 3268 3590 synae-

694 3605 868 3670 resin
926 3627 1072 3669 cum
1127 3606 1298 3670 crasi
1356 3605 1792 3687 confundant,
1859 3605 1958 3669 Io.
2007 3606 2115 3670 Al.
2171 3629 2236 3693 p.
2280 3608 2320 3670 6
2387 3608 2511 3675 ζώς
2578 3608 2647 3672 ἐκ
2698 3612 2815 3673 τοῦ
2881 3609 3046 3674 ζωός
3108 3609 3270 3675 κατὰ

697 3707 1041 3787 ςυναίρεςιν
1087 3706 1403 3772 dicentem
1451 3716 1515 3772 et
1556 3707 1862 3774 Eustath.
1893 3708 2040 3789 618,
2086 3708 2145 3771 9.
2205 3705 2552 3773 Intellectu
2595 3730 3016 3792 synaerescos
3059 3711 3269 3775 utitur

695 3809 1113 3875 Herodianus
1168 3811 1367 3875 etiam
1420 3810 1739 3875 vocabulo
1797 3810 2098 3890 ςυνίζηςις
2150 3819 2318 3874 teste
2371 3811 2675 3874 Eustath.
2726 3812 2834 3892 11,
2880 3812 2964 3876 25
3019 3812 3267 3888 λέγεται

695 3916 771 3980 τὸ
815 3914 1022 3980 πάθος
1068 3911 1402 3995 ςυνίζηςις,
1447 3912 1609 3977 καθά
1651 3935 1781 3978 που
1825 3915 1930 3978 καὶ
1959 3912 2300 3992 ςυναίρεςις
2327 3914 2503 3991 παρὰ
2532 3913 2905 3998 Ἡρωδιανῷ
2952 3922 3017 3978 et
3045 3913 3151 3994 25,
3183 3914 3264 3977 31

695 4016 1086 4096 Ἡρωδιανὸς
1130 4017 1246 4095 τὴν
1291 4016 1360 4079 ἐν
1403 4020 1495 4099 τῷ
1542 4016 1829 4094 ςιδήρεος
1875 4018 2167 4095 ςιδηροῦς
2198 4017 2298 4080 καὶ
2326 4014 2654 4095 φοινίκεος
2687 4021 3020 4095 φοινικοῦς
3053 4020 3267 4095 κρᾶςιν

699 4119 1004 4196 ςυνίζηςιν
1061 4119 1229 4194 λέγει
1287 4125 1352 4180 et
1405 4113 1622 4202 paullo
1680 4126 1829 4201 post
1888 4118 1990 4182 καὶ
2042 4118 2199 4182 αὐτὸ
2257 4121 2417 4194 γοῦν
2477 4116 2595 4201 (sc.
2653 4119 2769 4197 τὴν
2826 4119 3100 4184 ςύνοδον
3153 4123 3268 4198 τῆς

699 4222 904 4289 ὀξείας
946 4221 1049 4285 καὶ
1095 4219 1342 4300 βαρείας
1385 4219 1473 4285 εἰς
1516 4219 1906 4298 παράκλαςιν
1949 4221 2433 4298 περιςπωμένου
2462 4218 2690 4302 τόνου)
2722 4219 3027 4300 ςυνίζηςιν
3072 4222 3268 4287 αὐτὸς

698 4327 907 4405 καλεῖ,
952 4322 1023 4387 ἐν
1070 4320 1168 4387 οἷς
1211 4321 1357 4399 περὶ
1399 4320 1662 4401 ἀχρήίὀς
1705 4322 1805 4386 καὶ
1834 4321 2092 4400 ἀχρεῖος
2133 4320 2578 4401 διαλαμβάνων
2622 4322 2841 4404 φηςίν,
2887 4322 3015 4406 ὅτι,
3058 4322 3097 4402 ἡ
3141 4324 3265 4401 γὰρ

698 4427 875 4493 ὀξεῖα
917 4424 1017 4488 καὶ
1063 4427 1282 4503 βαρεῖα
1325 4424 1673 4491 ςυνίζουςαι
1717 4425 2200 4503 περιςπωμένην
2256 4428 2536 4488 ποιοῦςι·
2595 4424 2724 4488 ἐκεῖ
2777 4425 2849 4489 δὲ
2904 4426 3005 4489 καὶ
3058 4425 3264 4490 ςυναί-

700 4548 868 4608 ρεςιν
910 4527 1026 4604 τὴν
1071 4526 1370 4604 τοιαύτην
1416 4526 1719 4606 ςυνίζηςιν
1775 4526 1813 4590 ὁ
1859 4526 2054 4591 αὐτὸς
2107 4525 2309 4590 εἰπεῖν
2363 4529 2555 4591 δοκεῖ.
2642 4525 2842 4607 Eam,
2899 4546 3092 4612 quam
3147 4547 3264 4589 nos

697 4628 960 4715 proprie
1005 4625 1282 4690 dicimus
1327 4627 1688 4711 synicesin,
1733 4626 2126 4713 passionem,
2173 4648 2303 4712 qua
2345 4625 2513 4692 duae
2555 4628 2849 4713 syllabae
2889 4628 3268 4693 scribuntur

701 4729 998 4815 quidem,
1046 4727 1163 4793 sed
1190 4752 1323 4793 una
1349 4738 1600 4794 tantum
1632 4728 1930 4809 auditur,
1975 4727 2391 4793 Herodianus
2431 4753 2747 4818 nusquam
2779 4738 3262 4796 commemorat.

699 4830 917 4897 Etiam
980 4829 1050 4894 id
1103 4832 1523 4915 vocabulum,
1592 4831 1765 4919 quod
1823 4853 1942 4917 pro
1997 4831 2328 4917 synaeresi
2386 4831 2522 4897 loco
2580 4832 2770 4897 modo
2823 4833 3023 4898 citato
3080 4832 3267 4918 ponit
