3664 5546
753 359 998 405 CXXXII
1827 357 2246 406 PRAEFATIO.

749 512 1032 591 curavit,
1080 511 1384 598 proponit
1430 509 1795 576 Herodiani
1842 512 2282 577 definitionem
2337 511 2686 598 prosodiae
2731 535 3001 600 eamque
3046 513 3330 600 explicat

747 637 957 699 neque
1002 613 1360 701 quidquam
1404 612 1624 677 indicii
1668 623 1796 695 est,
1844 614 2017 678 unde
2063 613 2413 680 concludas
2462 638 2607 679 eum
2655 614 3056 681 Catholicam
3102 616 3329 681 eodem

745 715 936 781 modo
981 716 1421 802 excerpsisse,
1468 738 1593 802 quo
1639 715 1883 780 factum
1930 727 2029 781 est
2075 718 2141 779 in
2188 717 2491 803 epitome,
2539 739 2705 803 quae
2750 718 2988 782 dicitur
3033 718 3324 783 Arcadii.

745 818 912 882 Nam
960 841 1044 883 ex
1088 818 1189 881 his
1235 818 1455 883 verbis
1502 841 1606 905 ap.
1654 816 1903 881 Osann.
1951 842 2014 904 p.
2061 818 2187 883 305
2235 819 2482 902 (Bekk.
2530 818 2780 884 Anecd.
2830 820 2987 884 1141
3052 843 3135 885 ex
3179 820 3323 885 cod.

744 921 951 984 Paris,
1001 920 1230 1000 2542):
1281 920 1421 986 ἀλλ’
1466 922 1642 1001 ἡμεῖς
1687 921 1843 986 δεον
1892 922 1955 987 ἐξ
2000 922 2399 1000 Ἡρωδιανοῦ
2455 926 2571 986 τοῦ
2616 926 3032 1002 πολυμαθοῦς
3078 923 3327 990 ἐκλεξά-

745 1046 957 1107 μενοι,
1012 1025 1067 1088 εἰ
1123 1025 1223 1088 καὶ
1278 1027 1453 1088 δοκεῖ
1506 1030 1635 1088 τῶν
1693 1024 2117 1103 ἐρωτημάτων
2172 1025 2601 1107 προτίθεεθαι,
2671 1026 3203 1104 διατρανώεωμέν
3256 1047 3325 1090 τε

743 1131 846 1192 καὶ
890 1126 1329 1207 εαφηνίεωμεν
1375 1127 1477 1190 καὶ
1521 1126 1726 1190 οὕτω(
1769 1125 1902 1190 ἀπὸ
1932 1131 2063 1192 τῶν
2110 1131 2489 1211 προεωδιῶν
2535 1126 2741 1205 ἀρχὴν
2770 1129 3188 1206 ποιηεάμενοι
3224 1130 3326 1193 καὶ

741 1231 887 1308 περὶ
929 1234 1058 1294 τῶν
1104 1227 1323 1293 ἄλλων
1378 1228 1647 1307 ἐροῦμεν
1704 1237 1769 1291 et
1824 1249 1907 1291 ex
1964 1228 2108 1313 ipsa
2165 1227 2629 1314 explicatione,
2687 1250 2852 1315 quae
2907 1227 2990 1292 ad
3048 1229 3325 1295 verbum

740 1330 879 1393 fere
925 1331 1226 1414 congruit
1271 1351 1416 1393 cum
1460 1328 1824 1415 Porphyrio
1871 1329 1937 1392 in
1976 1328 2229 1393 Villois.
2281 1329 2528 1397 Anecd.
2575 1352 2637 1416 p.
2677 1329 3027 1413 103—114,
3073 1330 3321 1396 intelle-

739 1433 915 1514 gitur
958 1454 1104 1495 eum
1150 1453 1276 1494 non
1321 1431 1683 1516 singulares
1730 1432 2287 1517 pronunciationis
2334 1431 2594 1517 regulas
2642 1433 2930 1512 tradere,
2990 1431 3105 1497 sed
3153 1456 3323 1497 sum-

740 1533 964 1598 matim
1021 1533 1101 1598 de
1158 1532 1466 1619 prosodia
1521 1533 1790 1619 eiusque
1844 1534 2188 1614 generibus
2246 1556 2439 1619 agere
2506 1534 2572 1597 in
2631 1534 2847 1599 animo
2904 1534 3147 1600 habere
3206 1534 3321 1619 (cf.

739 1633 1096 1720 Goettling.
1142 1634 1467 1700 Theodos.
1514 1658 1576 1722 p.
1623 1633 1808 1718 XV).
1897 1634 2123 1721 Neque
2168 1645 2385 1700 tamen
2427 1637 2751 1723 promisso
2808 1635 3017 1715 stetit,
3076 1659 3205 1722 quo
3253 1660 3322 1701 se

737 1735 1100 1803 Herodiani
1145 1737 1534 1802 sententiam
1579 1737 1871 1823 proferre
1914 1736 2290 1823 profitetur,
2338 1760 2490 1802 nam
2547 1737 2871 1823 prosodiis
2929 1736 3323 1803 adnumerat

734 1842 812 1904 τὰ
855 1841 1023 1918 πάθη
1070 1838 1570 1926 apostrophum,
1619 1839 1918 1926 hyphen,
1966 1838 2495 1926 hypodiastolen,
2544 1863 2711 1927 quae
2745 1839 3162 1904 Herodianus
3212 1864 3318 1904 ne-

734 1964 857 2027 que
903 1944 1070 2022 πάθη
1099 1943 1362 2007 vocavit
1390 1964 1601 2028 neque
1629 1943 1800 2004 inter
1828 1941 2170 2026 prosodias
2203 1939 2442 2006 retulit.
2501 1940 2849 2006 Caeterum
2882 1940 3318 2027 GoettlingiO,

733 2043 844 2129 qui
908 2043 1059 2107 inde
1122 2042 1295 2130 quod
1352 2042 1760 2108 Theodosius
1827 2066 1897 2107 se
1952 2042 2314 2107 Herodiani
2382 2043 2745 2108 doctrinam
2810 2041 3067 2107 tradere
3136 2044 3318 2124 dicit,

735 2144 1134 2232 Porphyrius
1204 2153 1451 2225 autem,
1519 2144 1629 2230 qui
1696 2143 2059 2210 Herodiani
2136 2167 2465 2231 nunquam
2540 2145 2919 2210 nominatim
2994 2146 3317 2227 meminit,

733 2247 904 2310 idem
945 2246 1118 2333 quod
1145 2245 1551 2311 Theodosius
1586 2245 1786 2310 habet
1806 2295 1823 2327 ,
1860 2245 2193 2311 concludit
2216 2246 2655 2332 Porphyrium
2679 2247 3041 2312 Herodiani
3072 2246 3317 2312 doetri-

730 2372 875 2412 nam
925 2350 1285 2430 continere,
1333 2372 1460 2413 non
1507 2346 2039 2433 adstipulandum
2086 2348 2391 2413 arbitror.
2449 2347 2829 2413 Herodiano
2864 2348 3143 2413 debetur
3174 2359 3317 2415 tan-

729 2460 867 2515 tum
911 2450 1204 2515 definitio
1249 2449 1596 2537 prosodiae
1626 2460 1823 2537 atque
1870 2473 1947 2514 ea
1991 2451 2219 2532 etiam,
2267 2472 2434 2536 quae
2481 2450 2565 2515 ad
2609 2450 2820 2536 ipsam
2866 2450 3315 2517 definitionem

729 2551 1190 2639 explicandam
1247 2552 1474 2618 addita
1519 2563 1702 2632 sunt,
1762 2575 1845 2616 ex
1892 2551 2269 2618 Herodiano
2329 2552 2681 2616 maximam
2740 2562 2990 2638 partem
3046 2566 3316 2640 sumpta

728 2677 870 2719 esse
915 2653 1251 2736 videntur3
1310 2654 1562 2741 reliqua
1617 2655 1830 2719 omnia
1885 2654 2037 2718 inde
2092 2677 2133 2718 a
2175 2678 2239 2741 p.
2292 2653 2440 2732 105,
2492 2654 2532 2716 9
2588 2676 2692 2739 ap.
2739 2654 3180 2742 Porphyrium
3228 2680 3315 2722 ex

726 2757 869 2822 aliis
916 2756 1205 2823 fontibus
1254 2757 1551 2822 derivata
1596 2780 1737 2822 esse
1793 2765 1860 2821 et
1913 2780 2015 2821 res
2031 2806 2049 2839 ,
2109 2780 2272 2844 quae
2330 2755 2714 2838 traduntur,
2779 2766 2842 2821 et
2894 2780 3104 2822 sermo
3162 2782 3313 2845 pro-

726 2862 905 2924 dunt.
995 2859 1164 2923 Nam
1209 2883 1262 2923 e.
1311 2881 1375 2943 g.
1421 2857 1536 2923 illa
1579 2858 1774 2944 longa
1819 2858 1900 2923 de
1946 2860 2223 2924 diversis
2281 2858 2651 2947 partitionis
2705 2862 3051 2943 generibus
3109 2848 3311 2947 expo·

723 2962 901 3042 sitio,
962 2984 1126 3048 quae
1182 2974 1450 3048 propter
1512 2962 1695 3025 varia
1759 2963 2105 3047 prosodiae
2172 2983 2413 3046 genera
2476 2961 2872 3042 instituitur,
2940 2960 3310 3027 clarissime

720 3065 1213 3150 grammaticum
1260 3062 1763 3149 philosophandi
1806 3063 1999 3127 nimis
2047 3063 2409 3127 studiosum
2457 3063 2773 3145 ostendit,
2822 3086 2862 3127 a
2915 3086 3042 3150 qua
3088 3062 3308 3128 diver-

719 3189 937 3230 sarum
978 3168 1213 3229 artium
1245 3164 1706 3230 commixtione
1737 3187 1925 3227 nemo
1972 3165 2181 3248 magis
2215 3164 2461 3229 alienus
2494 3175 2594 3229 est
2632 3187 2824 3250 quam
2857 3163 3305 3247 Herodianus,

719 3269 828 3354 qui
872 3268 1170 3353 quamvis
1216 3264 1641 3352 philosophus
1687 3264 2137 3351 philosophiae
2183 3268 2683 3332 ostentationem
2731 3276 3115 3352 aspernatus
3178 3280 3303 3333 est.

718 3369 928 3453 Magis
988 3392 1180 3455 quam
1226 3368 1637 3433 Theodosius
1685 3367 2080 3453 Byzantius,
2139 3369 2247 3453 qui
2303 3369 2493 3432 etiam
2551 3368 2932 3432 Theodorus
2989 3369 3304 3435 scribitur

719 3469 843 3555 (cf.
912 3470 1272 3555 Goettling.
1339 3493 1400 3556 p.
1468 3468 1714 3553 XVI),
1783 3467 2190 3534 Theodosius
2258 3469 2746 3534 Alexandrinus
2820 3479 3009 3556 aptus
3084 3470 3299 3536 videri

715 3573 954 3658 possit,
1012 3574 1115 3636 cui
1172 3572 1446 3658 epitome
1504 3570 1877 3636 Catholicae
1934 3572 2323 3656 assignetur.
2412 3572 2579 3635 Nam
2633 3594 2802 3659 quae
2846 3571 3297 3657 Goettlingius

715 3697 778 3758 p.
831 3675 947 3739 198
995 3698 1171 3762 seqq.
1230 3697 1312 3738 ex
1369 3674 1512 3740 cod.
1573 3673 1782 3738 Paris.
1843 3672 2010 3738 2554
2067 3673 2180 3738 fol.
2225 3674 2307 3737 82
2360 3697 2413 3736 r.
2471 3676 2617 3753 περὶ
2671 3676 2871 3741 τόνου
2936 3673 3299 3740 Theodosii

713 3774 1152 3840 Alexandrini
1207 3774 1446 3856 edidit,
1504 3775 1587 3839 ab
1635 3775 1803 3838 omni
1863 3786 2048 3861 parte
2104 3774 2526 3840 Herodianea
2588 3785 2738 3840 sunt
2795 3776 3041 3863 pariter
3093 3786 3295 3864 atque

718 3900 829 3959 ea,
878 3900 1042 3964 quae
1099 3881 1245 3958 περὶ
1300 3886 1430 3944 τῶν
1487 3879 1558 3942 ἐν
1615 3883 1751 3943 ταῖς
1807 3880 2074 3944 πτώεεει
2122 3880 2331 3944 τόνων
2388 3876 2728 3962 evulgavit
2771 3877 2985 3942 Bekk.
3032 3880 3288 3945 Anecd.

713 3981 874 4045 1002
919 4004 1095 4068 seqq.
1196 3979 1324 4045 Sed
1380 4002 1546 4066 quae
1600 3980 1671 4042 in
1721 3978 1821 4043 his
1880 3980 2261 4061 traduntur,
2319 4002 2447 4044 non
2503 3981 2784 4067 probant
2842 3979 3284 4046 Theodosium

708 4081 1223 4147 Alexandrinum
1269 4079 1526 4165 singula
1568 4083 1649 4147 de
1696 4081 1968 4167 singulis
2015 4081 2254 4146 finibus
2300 4081 2768 4147 vocabulorum
2810 4092 3162 4168 praecepta
3206 4106 3289 4148 ex

708 4185 1081 4250 Herodiano
1128 4185 1564 4269 excerpsisse,
1624 4184 1741 4248 sed
1797 4184 2015 4270 potius
2070 4182 2443 4268 significant
2501 4202 2650 4248 eum
2704 4183 3035 4270 generalia
3093 4207 3285 4271 quae-

706 4287 856 4352 dam
902 4286 1170 4373 placita,
1218 4309 1383 4373 quae
1428 4309 1575 4350 cum
1620 4285 1755 4350 eius
1815 4308 2044 4374 opere,
2102 4309 2226 4372 quo
2281 4298 2499 4372 partes
2557 4286 2869 4353 orationis
2925 4287 3282 4352 canonibus

703 4388 1078 4475 complexus
1126 4400 1257 4471 est,
1303 4387 1778 4474 quodammodo
1825 4387 2288 4469 cohaerebant,
2336 4411 2698 4476 proponere
2745 4391 2903 4455 satis
2949 4389 3279 4456 habuisse.

704 4492 813 4556 Sic
857 4513 1236 4577 quocunque
1284 4501 1345 4555 te
1391 4501 1645 4572 vertas,
1702 4489 1944 4576 ubique
1999 4488 2422 4555 difficultates
2479 4513 2708 4556 verum
2764 4502 3092 4556 auctorem
3151 4492 3279 4579 epi·

704 4605 908 4659 tomes
965 4594 1403 4659 constituendi
1461 4617 1531 4658 se
1588 4593 1899 4675 offerunt3
1960 4591 2226 4656 Arcadii
2284 4615 2522 4658 nomen
2579 4593 2821 4658 codicis
2877 4592 3279 4657 Havniensis

701 4698 1086 4762 auctoritate
1135 4695 1506 4777 vacillatur,
1564 4693 1916 4759 Theodosii
1963 4693 2070 4778 (de
2131 4715 2254 4781 quo
2312 4696 2398 4758 cf.
2456 4696 2653 4760 etiam
2698 4694 2965 4760 Preller.
3025 4707 3276 4782 quaest.

701 4798 781 4859 (le
835 4799 1064 4862 histor.
1123 4822 1398 4885 gramm.
1457 4798 1618 4884 Byz.
1676 4821 1739 4883 p.
1793 4797 1896 4881 13)
1958 4818 2188 4881 parum
2234 4797 2725 4862 commendatur
2779 4807 2844 4862 et
2897 4799 3148 4862 incerta
3212 4808 3278 4862 et
