3664 5546
656 404 700 451 L
1734 401 2150 451 PRAEFATIO.

655 581 803 624 cum
848 558 1260 624 substantivo
1307 558 1580 635 ἄγγελος
1625 537 2149 622 coniunctionem
2204 555 2619 641 reprehendit
2671 558 2722 622 Λ
2766 555 2890 621 652
2936 556 3022 621 cf.
3069 555 3234 621 Lob.

530 687 534 693 ’
657 660 865 725 Elem.
912 660 1033 724 591
1082 670 1148 724 et
1191 660 1336 724 592.

820 765 877 828 Φ
920 762 1045 827 232
1092 764 1222 843 ὀψὲ
1271 762 1445 828 δύων
1491 761 1845 847 separatim
1882 760 2229 826 scribenda
2271 782 2415 825 esse
2460 760 2685 841 docet,
2731 761 2918 848 quia,
2966 761 3024 824 si
3068 783 3232 826 com-

653 866 942 953 positum
989 873 1194 946 esset,
1252 886 1445 950 perit
1489 862 1768 949 proferri
1827 862 2095 948 deberet
2149 864 2446 944 ὀψιδὺων
2498 873 2572 928 ut
2616 864 2937 944 ὀψιμαθὴς
2980 873 3045 927 et
3088 864 3234 943 ὀψι-

652 971 982 1053 τέλεςτον,
1030 989 1226 1054 quam
1272 988 1406 1030 rem
1451 963 1842 1050 explicatius
1889 964 1955 1027 in
2002 966 2078 1028 ιθ’
2122 965 2468 1050 prosodiae
2512 963 2874 1031 catholicae
2905 965 3233 1046 tractavit,

654 1072 876 1155 attigit
932 1073 1078 1150 περὶ
1132 1091 1271 1150 μον.
1328 1091 1393 1154 p,
1439 1067 1541 1130 26.
1631 1066 1711 1130 In
1767 1064 1996 1129 eodem
2053 1065 2218 1130 libro
2275 1089 2338 1153 p.
2384 1066 2499 1150 25,
2557 1068 2596 1131 8
2658 1069 3104 1136 ἁπαξάπαντες
3169 1077 3235 1132 et

653 1174 1044 1241 ἁπαξαπλῶς
1086 1193 1205 1257 per
1249 1168 1560 1256 syntaxin
1607 1167 1983 1232 exhibenda
2027 1167 2250 1232 tradit.

821 1276 885 1340 Π
928 1273 1052 1337 636
1096 1275 1172 1338 τὸ
1230 1272 1301 1337 εὖ
1358 1272 1437 1337 οὐ
1495 1271 1748 1336 θέλουςι
1794 1270 1938 1335 κατ’
1995 1269 2158 1335 ἰδίαν
2203 1272 2665 1354 προφέρεςθαι,
2721 1272 2863 1337 ἀλλ’
2907 1274 2979 1352 ἓν
3022 1275 3232 1338 ποιεῖν

657 1376 1176 1459 «εὐποιητάων»,
1223 1375 1361 1439 ἐπεὶ
1404 1374 1504 1438 καὶ
1549 1372 1618 1437 ἐν
1664 1372 1904 1451 ἑτέροις
1949 1373 2139 1452 φηςὶν
2169 1374 2284 1451 τήν
2316 1375 2572 1452 δοτικήν
2613 1373 2976 1460 εὐποιήτῃςι
3007 1376 3231 1459 πὺλῃςι

658 1478 766 1562 (Il.
796 1477 871 1559 5,
908 1476 1063 1562 466)
1110 1477 1528 1555 παρωνύμως.
1618 1475 1792 1551 κάγὼ
1842 1475 1912 1539 δὲ
1959 1474 2470 1555 ςυγκατατίθεμαι
2515 1473 2931 1539 Herodianus
2977 1476 3232 1555 εὐποιη·

654 1582 827 1646 τάων
882 1588 946 1643 et
999 1578 1363 1663 εὐποιήτῃςι
1419 1596 1536 1662 pro
1593 1576 1969 1661 compositis
2023 1574 2253 1656 habet,
2311 1574 2604 1641 Lobeck.
2654 1575 2897 1641 Parall.
2938 1577 3065 1642 459
3108 1576 3233 1643 dis-

657 1679 1058 1745 criminanda
1099 1681 1314 1766 potius
1362 1678 1630 1742 iudicat.
1709 1676 2118 1742 Adverbium
2167 1678 2208 1743 ἆ
2254 1679 2404 1759 βάλε
2448 1678 2826 1742 Herodiano
2872 1679 3000 1744 duo
3046 1702 3233 1745 voca·

655 1783 811 1849 bula
855 1792 1073 1864 erant,
1133 1779 1219 1844 cf.
1265 1779 1539 1845 Prosod.
1583 1778 1663 1844 Il.
1710 1779 1763 1844 Ω
1807 1779 1965 1860 343,
2023 1781 2169 1858 περὶ
2213 1785 2368 1859 διχρ.
2413 1780 2568 1860 297,
2619 1781 2650 1843 1
2701 1780 2916 1844 Cram.
2973 1781 3045 1846 II
3093 1782 3231 1862 183,

655 1884 1005 1972 Apollonio
1060 1905 1262 1946 unum
1320 1883 1516 1964 ἄβαλε
1573 1881 1655 1945 de
1710 1881 2028 1946 adverbio
2085 1904 2149 1966 p.
2196 1881 2339 1945 568.
2431 1881 2680 1946 Contra
2735 1882 2863 1948 duo
2919 1882 3234 1948 adverbia

656 1989 822 2055 ἀλλὰ
886 1990 1042 2070 μήν,
1111 2005 1276 2071 quae
1338 2007 1377 2047 a
1431 1984 1822 2069 quibusdam
1879 1985 2194 2050 ςυνθέτως
2251 1980 2505 2069 prolata
2560 2006 2702 2048 esse
2757 1983 2969 2049 innuit
3029 1984 3231 2050 Hero·

657 2090 886 2154 dianus
943 2111 1049 2174 ap.
1106 2088 1201 2152 Ῑο.
1260 2084 1363 2153 Al.
1419 2086 1536 2166 40,
1582 2086 1661 2149 21
1719 2085 1844 2150 εἴτε
1915 2086 2034 2151 δύο
2093 2087 2288 2153 λέξεις
2343 2085 2475 2151 εἶεν
2532 2086 2656 2152 εἴτε
2715 2088 2851 2170 μία,
2919 2086 3047 2173 ipsi
3113 2087 3231 2153 δύο

658 2194 853 2259 λέξεις
896 2190 1164 2254 fuerunt
1204 2187 1453 2274 pariter
1498 2197 1690 2273 atque
1720 2185 2070 2272 Apollonio
2119 2186 2201 2251 de
2232 2188 2384 2253 adv.
2415 2188 2561 2254 518.
2607 2188 2693 2251 cf.
2723 2187 2953 2252 Lehrs.
2985 2187 3231 2255 Herod.

655 2316 719 2379 p.
773 2293 890 2358 108
936 2302 1002 2356 et
1048 2290 1189 2354 109.

822 2392 1122 2458 Duarum
1161 2398 1675 2472 praepositionum
1720 2392 2228 2476 compositarum
2274 2390 2641 2478 exemplum
2686 2403 2789 2457 est
2831 2395 3059 2477 πάρεξ,
3116 2392 3233 2458 sed

656 2495 1071 2561 Herodianus
1115 2493 1239 2560 hoc
1282 2493 1461 2580 apud
1502 2494 1898 2581 posteriores
1931 2493 2191 2558 demum
2233 2503 2516 2560 retracto
2548 2505 2818 2560 accentu
2848 2494 3233 2560 adverbium

656 2600 795 2664 fieri
806 2648 824 2682 ‚
872 2597 1049 2686 apud
1092 2596 1453 2662 Homerum
1498 2617 1652 2662 vero
1711 2595 1842 2659 duo
1899 2595 2220 2661 vocabula
2264 2595 2666 2681 seiungenda
2721 2619 2864 2661 esse
2909 2599 3097 2681 (παρ’
3142 2598 3234 2679 ἐξ)

656 2702 845 2767 docet
889 2701 974 2766 ad
1017 2698 1098 2763 Il.
1147 2701 1160 2764 Ι
1211 2699 1246 2762 7
1295 2708 1360 2762 et
1402 2700 1547 2778 περὶ
1591 2720 1730 2780 μον.
1776 2721 1840 2785 p.
1887 2697 2003 2781 25,
2049 2699 2167 2779 24,
2213 2698 2328 2762 ubi
2372 2697 2455 2761 cf.
2502 2696 2734 2762 Lehrs.

821 2804 1059 2870 Utrum
1117 2808 1492 2883 praepositio
1544 2823 1680 2866 cum
1734 2821 1882 2865 casu
1944 2821 2048 2865 suo
2110 2800 2180 2864 in
2236 2801 2581 2882 ἀμβωμοῖςι
2637 2801 3094 2887 coniungenda
3147 2803 3234 2866 sit

655 2930 800 2970 cum
832 2905 1200 2992 Chrysippo
1247 2926 1330 2967 an
1377 2904 1459 2982 ἂμ
1492 2906 1752 2983 βωμοῑςι
1784 2901 2229 2983 scribendum,
2276 2901 2595 2967 incertum
2624 2902 2934 2990 relinquit
2961 2903 3230 2986 Herod„

656 3009 723 3073 id
783 3016 1037 3072 tantum
1090 3005 1376 3088 flagitat,
1447 3012 1522 3067 ut
1576 3025 1692 3088 per
1748 3026 1788 3082 μ
1846 3003 2217 3089 proferatur
2273 3005 2378 3069 vel
2444 3006 2503 3069 si
2568 3005 2932 3092 parathesis
2991 3015 3234 3071 statua-

655 3121 783 3192 tur,
828 3119 903 3174 ut
945 3109 1011 3173 in
1057 3109 1141 3187 ἂμ
1171 3108 1400 3187 φόνον.
1478 3106 1529 3168 Θ
1560 3105 1682 3166 441
1728 3141 1813 3151 -
1857 3106 1913 3169 Υ
1956 3104 2040 3170 30
2084 3107 2452 3187 ὑπέρμορον
2484 3107 2989 3194 Aristophanes,
3036 3131 3230 3195 quum

656 3222 729 3276 ut
773 3209 1039 3296 plura-lis
1087 3209 1417 3286 ὑπέρμορα
1461 3204 1761 3269 adverbii
1793 3205 2049 3271 vicibus
2081 3207 2415 3293 fungatur,
2460 3231 2659 3273 unum
2695 3232 2930 3297 corpus
2976 3209 3233 3299 efficere

658 3311 896 3394 voluit,
951 3309 1197 3373 Herod.
1245 3308 1308 3372 h.
1354 3306 1396 3370 l.
1455 3315 1521 3369 et
1575 3304 1700 3370 Od.
1747 3328 1788 3371 α
1841 3306 1924 3372 35
1979 3309 2141 3389 ὑπὲρ
2197 3311 2401 3390 μόρον
2458 3310 2655 3376 etiam
2714 3311 2990 3377 dissolvi
3041 3334 3231 3399 posse

658 3414 947 3478 affirmat
1001 3430 1382 3495 comparans
1442 3408 1601 3488 ὑπὲρ
1657 3412 1888 3489 μοῖραν
1944 3410 2000 3473 Υ
2043 3410 2188 3474 336.
2276 3410 2407 3476 Sed
2463 3415 2509 3478 Β
2567 3413 2688 3478 115
2742 3416 3112 3495 ὑπέρμορον
3172 3422 3235 3478 et

658 3518 988 3595 ὑπέρμορα
1031 3520 1264 3576 neutra
1306 3508 1616 3573 adiectivi
1648 3510 2011 3591 ὑπέρμορος
2056 3511 2424 3576 adverbiali
2454 3514 2790 3580 intellectu
2819 3538 2963 3581 esse
2993 3527 3231 3581 censet.

826 3619 1298 3694 Praepositionis
1350 3633 1483 3676 cum
1536 3616 1907 3677 substantivo
1960 3613 2496 3698 compositionem
2549 3617 2760 3680 reiicit
2815 3615 3231 3684 Herodianus

658 3720 725 3782 in
759 3719 835 3798 Κ,
873 3715 950 3779 19
995 3715 1052 3780 εἴ
1094 3715 1234 3780 τινά
1278 3714 1340 3779 οἱ
1386 3716 1520 3778 ςὺν
1567 3719 1788 3795 μῆτιν
1835 3715 2128 3794 ἀμύμονα
2170 3718 2569 3802 τεκτήναιτο,
2614 3717 2729 3782 ubi
2769 3720 3035 3805 quidam
3062 3743 3231 3786 com·-

658 3828 887 3905 parato
946 3818 1194 3898 εὔμητις
1253 3817 1549 3896 ςὺμμητιν
1605 3815 1889 3880 scribere
1928 3814 2310 3896 ‘voluerunt‚
2368 3820 2453 3885 ob
2498 3820 2803 3901 eandem,
2861 3830 2933 3885 ut
2975 3820 3234 3886 videtur

660 3943 955 4003 causam,
1002 3919 1087 3985 ob
1132 3939 1324 4004 quam
1368 3915 1447 3981 Il.
1483 3920 1547 3982 Μ
1576 3913 1699 3980 297
1745 3919 2125 3997 περίκυκλον
2170 3928 2237 3982 ct
2281 3921 2324 3985 C
2366 3921 2492 3985 375
2537 3923 2863 3987 ὑπόκυκλα
2905 3925 3230 4009 reprobat.

658 4024 839 4088 Dicit
881 4023 1051 4087 enim
1108 4020 1435 4086 ὑπόκυκλα
1486 4021 1555 4082 in
1600 4016 1721 4085 Od.
1767 4018 1842 4098 4,
1893 4019 2010 4082 131
2070 4021 2404 4085 diversum
2462 4022 2860 4088 intellectum
2917 4048 3005 4088 sc.
3060 4022 3232 4088 adie-

656 4125 817 4189 ctivi
860 4122 1122 4188 habere.

827 4225 904 4287 In
947 4222 1091 4287 aliis
1138 4233 1355 4286 autem
1400 4220 1733 4289 vocabulis
1782 4221 2201 4288 Horodianus
2248 4226 2780 4312 compositionem
2835 4237 2950 4292 aut
3000 4229 3236 4313 probat

656 4337 771 4393 aut
813 4324 1110 4390 admittit
1153 4334 1346 4389 certe.

825 4431 869 4494 Ε
917 4427 1035 4490 178
1086 4430 1331 4506 χαλεπὴ
1389 4429 1460 4491 δὲ
1518 4431 1670 4492 θεοῦ
1729 4428 2041 4507 ἐπιμῆνις’
2101 4428 2365 4513 quidam
2421 4431 2525 4496 ἔπι
2582 4436 2761 4510 μῆνις
2814 4431 3231 4516 scripserunt,

656 4542 729 4596 ut
772 4551 943 4593 nunc
988 4529 1055 4590 in
1083 4525 1379 4591 Bekkeri
1424 4527 1799 4593 recensione
1844 4528 2208 4595 exhibitum
2254 4542 2383 4613 cst,
2416 4524 2526 4595 'ita
2567 4542 2641 4597 ut
2684 4533 2788 4597 ἔπι
2833 4531 3003 4595 idem
3038 4541 3232 4618 atque

657 4635 865 4700 ἔπεςτι
910 4628 1343 4715 significaret,
1399 4639 1474 4694 ut
1527 4630 1596 4692 in
1640 4628 1717 4694 Il.
1763 4633 1814 4695 Α
1857 4630 1983 4695 515
2039 4633 2221 4698 «ἐπεὶ
2268 4633 2447 4699 οὗτοι
2494 4635 2598 4699 ἔπι
2656 4635 2862 4700 δέος».
2951 4633 3085 4698 Alii
3130 4654 3229 4697 ac·

659 4745 852 4798 centu
894 4740 1174 4797 retracto
1204 4727 1528 4796 vocabula
1569 4733 1635 4794 in
1680 4754 1879 4795 unum
1926 4734 2210 4814 ἐπίμηνις
2254 4736 2776 4812 coniunxerunt„
2809 4736 3232 4799 Aristarchus

659 4834 966 4919 denique,
1013 4833 1119 4896 cui
1164 4830 1523 4895 assentitur
1564 4832 2013 4915 HerodianuS,
2059 4838 2347 4916 ἐπιμῆνις
2393 4836 2692 4901 exhibuit
2734 4839 2891 4901 item
2936 4837 3058 4902 sub
3103 4859 3230 4902 uno
