3664 5546
942 388 955 397 ·
1053 385 1059 389 ’
1152 387 1311 443 περι
1359 386 1751 442 κΑοοΛικΗς
1784 383 2208 441 προςΩιΔιΑς
2252 384 2323 438 ις.
2363 351 2376 362 ’
2906 380 3036 448 435

435 560 628 639 ἄγημι
671 558 923 638 ἄγαμαι.
993 558 1071 636 «ἢ
1118 557 1173 622 εἰ
1218 559 1298 637 μὴ
1343 558 1784 635 παραλήγοιτο
1829 560 1923 639 τῷ
1969 555 2011 617 ἃ
2053 556 2093 633 ἢ
2124 559 2217 636 τῷ
2262 553 2343 631 ἦ»
2391 553 2498 617 διὰ
2541 552 2616 616 τὸ
2665 558 3033 632 ςμαραγῶ

437 664 541 726 καὶ
582 661 773 744 ἧγῶ,
818 660 970 725 ὅθεν
1013 662 1089 724 τὸ
1133 660 1425 739 ἡγοῦμαι.

586 762 680 827 Τὰ
723 761 813 826 εἰς
856 764 955 838 γῖῡ
1000 761 1280 844 ἰαμβικά,
1338 761 1407 826 εἰ·
1447 764 1562 841 μὲν
1608 760 1746 840 ἔχοι
1803 760 1933 838 πρὸ
1988 762 2106 823 τοῦ
2161 758 2388 823 τέλους
2431 757 2507 821 τὸ
2551 756 2618 839 ἒ,
2675 755 3033 840 βαρύνεται,

440 863 495 930 εἰ
563 866 637 928 δὲ
690 864 853 927 ἄλλο
913 885 1000 946 τι,
1069 867 1476 947 περιςπᾶται,
1532 863 1830 943 φλέγω,
1888 860 2122 942 λέγω,
2181 859 2454 942 ςτέγω,
2522 855 2621 922 οἷς
2676 856 2906 936 ὅμοιον
2960 859 3036 923 τὸ

441 966 729 1048 ἀλέγω,
786 965 1059 1043 ὀρέγω.
1149 968 1360 1045 μογῶ
1418 967 1488 1029 δὲ
1533 966 1635 1029 καὶ
1678 968 1928 1039 ςτυγῶ
1972 963 2076 1027 καὶ
2117 963 2377 1037 τρυγῶ
2434 961 2536 1023 καὶ
2592 964 2898 1039 ςφριγῶ
2954 961 3098 1040 μὴ5

440 1068 516 1131 τὸ
562 1071 595 1129 ἒ
640 1067 882 1145 ἔχοντα
924 1072 1374 1144 περιςπῶνται.
1731 1128 1747 1138 ,

613 1167 708 1231 Τὰ
760 1165 848 1231 εἰς
902 1171 999 1243 Ῠῶ
1055 1169 1293 1247 ἔχοντα
1346 1168 1475 1246 πρὸ
1530 1171 1647 1231 τοῦ
1702 1170 1743 1243 f
1798 1166 2150 1247 ςύμφωνον
2209 1163 2580 1245 βαρύνεται,
2637 1161 2691 1227 εἰ
2746 1163 2827 1242 μὴ
2881 1163 3042 1242 παρ’

445 1259 654 1347 ὄνομα
697 1269 988 1352 γένοιτο,
1035 1268 1303 1353 εἴργω,
1350 1270 1678 1354 ςτέργω,
1710 1268 2055 1350 ἀμέλγω,
2088 1265 2426 1347 ςφίγγω,
2458 1264 2731 1346 μίςγω,
2771 1264 3040 1341 τέγγω.

445 1372 522 1435 τὸ
567 1373 639 1435 δὲ
684 1369 891 1446 ἀλγῶ
948 1369 1080 1448 ἔχει
1136 1373 1212 1435 τὸ
1257 1370 1457 1447 ἄλγος
1503 1372 1607 1435 καὶ
1647 1372 1723 1436 τὸ
1781 1370 1997 1450 ἀργῶ
2053 1371 2128 1433 τὸ
2185 1365 2385 1445 ἀργός
2439 1367 2543 1430 καὶ
2596 1364 2670 1428 τὸ
2717 1369 3040 1444 γεωργῶ

447 1472 523 1536 τὸ
568 1470 856 1548 γεωργός
901 1471 1003 1534 καὶ
1045 1477 1456 1550 κακουργῶ
1498 1474 1576 1536 τὸ
1621 1476 1996 1550 κακοῦργος.
2082 1471 2161 1535 τὸ
2217 1470 2289 1533 δὲ
2342 1467 2657 1547 ἀμέργω
2714 1467 2835 1532 οὐκ
2881 1467 3040 1547 ἔχει·
3082 1476 3146 1528 10

448 1574 525 1637 τὸ
570 1573 692 1650 γὰρ
737 1570 984 1651 ἀμόργη
1031 1572 1099 1636 ἐκ
1140 1576 1258 1637 τοῦ
1303 1573 1562 1652 ἀμέργω
1605 1573 1864 1648 γίνεται,
2672 1621 2679 1628 .

618 1674 714 1739 Τὰ
761 1673 850 1738 εἰς
893 1677 993 1748 Ῠῖῡ
1037 1675 1380 1754 διςύλλαβα
1422 1675 1922 1754 παραληγόμενα
1973 1673 2157 1753 φύςει
2202 1676 2408 1754 μακρᾷ
2452 1670 2561 1735 ὅτε
2606 1669 2739 1736 ἀπὸ
2786 1673 3084 1753 ςυμφώ··

452 1796 574 1840 νου
631 1773 928 1856 ἄρχοιτο,
996 1775 1369 1858 βαρύνεταΓ,
1428 1776 1482 1840 εἰ
1549 1776 1630 1855 μὴ
1684 1775 1847 1854 παρ’
1901 1774 2111 1854 ὄνομα
2168 1773 2297 1856 εἴη,
2365 1773 2667 1856 τρώγω,
2736 1776 3044 1860 ςμώγω,

453 1877 755 1959 φεύγω,
800 1876 1096 1957 τμήγω,
1144 1877 1385 1958 λήγω,
1430 1877 1655 1955 θήγω.
1743 1878 1820 1941 τὸ
1876 1877 2094 1956 μέντοι
2141 1874 2329 1955 ῥιγῶ
2373 1874 2504 1953 ἔχει
2560 1874 2636 1950 τὸ
2684 1875 2880 1955 ῥῖγος.
2967 1878 3044 1942 τὸ

457 1980 528 2043 δὲ
575 1980 800 2055 λωγῶ
849 1975 928 2041 οὐ
970 1977 1232 2055 γνήςιον
1278 1977 1410 2056 ἔχει
1451 1978 1528 2042 τὸ
1575 1981 1661 2061 ῶ,
1708 1977 1877 2042 ἀλλὰ
1919 1978 2270 2057 ποιητικόν.
3085 1986 3148 2036 15

511 2086 515 2089 ’
624 2080 718 2144 Τὰ
763 2079 851 2143 εἰς
893 2081 998 2153 ’ᾗ
1040 2079 1549 2160 ύπερδιςύλλαβα
1592 2080 1673 2159 μὴ
1718 2079 1881 2158 παρ’
1910 2077 2122 2159 ὄνομα
2165 2079 2461 2161 ςύνθετα,
2506 2076 2561 2144 εἰ
2604 2080 3047 2158 παραλήγοιτο

458 2181 642 2262 φύςει
699 2184 936 2264 μακρᾷ,
985 2181 1322 2262 βαρύνεται
1368 2181 1687 2263 ἐπείγω,
1752 2180 2048 2264 ἀρήγω,
2092 2181 2428 2263 ἐρεύγω,
2472 2178 2769 2257 ἀνώγω.
2856 2183 2934 2246 τὸ
2979 2183 3048 2245 δὲ

456 2283 933 2358 παιδαγωγῶ
977 2281 1108 2361 ἔχει
1154 2285 1229 2347 τὸ
1274 2283 1702 2358 παιδαγωγός.
1888 2287 1898 2298 ‘

629 2384 723 2448 Τὰ
768 2384 858 2448 εἰς
898 2387 997 2448 ἰῶ
1042 2385 1387 2465 διςύλλαβα
1430 2384 1667 2464 ἔχοντα
1707 2384 1784 2448 τὸ
1841 2387 1876 2447 ἒ
1929 2383 1998 2447 ἐν
2054 2390 2129 2469 τῇ
2174 2385 2304 2462 πρὸ
2349 2384 2577 2449 τέλους
2622 2387 2898 2469 ςυλλαβῇ
2946 2390 3052 2465 βα-

462 2485 751 2567 ρύνεται,
796 2483 851 2548 εἰ
894 2486 975 2564 μὴ
1022 2485 1288 2564 ἄρχοιτο
1333 2485 1465 2549 ἀπὸ
1510 2489 1707 2563 τριῶν
1754 2486 2120 2564 ςυμφώνων
2163 2486 2203 2564 ἢ
2249 2486 2399 2568 παρ’
2443 2485 2652 2564 ὄνομα
2698 2484 2830 2569 εἴη,
2876 2485 3051 2566 ῥέγ-
3088 2491 3158 2546 20

460 2608 597 2668 κω,
643 2587 922 2669 δέρκω,
952 2587 1244 2674 πλέκω,
1287 2587 1513 2669 τέκω,
1557 2585 1765 2650 πέκω
1800 2586 1879 2650 τὸ
1908 2586 2185 2665 ξηραίνω
2214 2588 2319 2650 καὶ
2347 2585 2588 2650 πείκω
2621 2587 2723 2653 καὶ
2764 2589 3051 2671 πέκτω,

463 2687 746 2769 κρὲκω,
795 2687 1020 2771 δέκω,
1068 2687 1297 2770 ἕλκω,
1343 2687 1614 2765 ἑλκήςω·
1658 2690 1855 2752 τοῦτο
1902 2689 1973 2752 δὲ
2017 2687 2149 2753 ἀπὸ
2182 2688 2668 2767 περιςπωμένου
2710 2689 2788 2754 τὸ
2834 2689 3052 2755 ἑλκῶ.

466 2789 700 2853 δείκω
743 2790 819 2852 τὸ
865 2788 1166 2873 δεικνύω,
1212 2788 1411 2853 εἴκω.
1499 2793 1764 2854 τοιαῦτα
1808 2791 1911 2854 καὶ
1953 2791 2033 2855 τὰ
2077 2791 2585 2872 ὑπερδιςύλλαβα
2637 2797 2730 2876 τῷ
2773 2795 2808 2856 ἒ
2848 2814 3054 2872 παρα-

468 2890 792 2969 ληγόμενα
836 2889 1118 2974 ὀλέκω,
1163 2890 1442 2970 ἑρείκω
1486 2891 1561 2954 τὸ
1608 2891 1826 2975 ςχίζω,
1874 2892 2129 2957 ἑνέκω.
2215 2893 2579 2971 πρόςκειται
2628 2892 2724 2956 «εἰ
2768 2894 2850 2973 μὴ
2894 2895 3058 2974 παρ’

466 2990 675 3071 ὄνομα
719 2989 855 3069 εἴη»
903 2992 1008 3055 διὰ
1050 2993 1128 3057 τὸ
1173 2991 1379 3057 ἑλκόω
1424 2991 1623 3057 ἑλκῶ
1669 2993 1901 3058 ἕλκος
1942 2995 2046 3059 καὶ
2098 2998 2402 3068 πελεκῶ
2457 2995 2729 3059 πέλεκυς
2786 2996 2888 3059 καὶ
2933 2998 3056 3076 «μὴ
3092 3005 3159 3057 25

467 3092 732 3172 ἄρχοιτο
788 3091 919 3158 ἀπὸ
975 3098 1171 3173 τριῶν
1217 3094 1580 3175 ςυμφώνων
1594 3120 1620 3151 »
1678 3096 1783 3159 διὰ
1837 3096 1914 3161 τὸ
1961 3116 1991 3163 ς
2004 3117 2050 3160 π
2065 3099 2103 3160 λ
2117 3116 2147 3160 ε
2161 3118 2197 3161 κ
2212 3100 2265 3161 ῶ
2309 3097 2386 3161 τὸ
2433 3096 2821 3164 ςυνουςιάζω
2833 3146 2852 3179 ,
2907 3097 3059 3163 ὅθεν

469 3196 544 3259 τὸ
589 3197 1049 3259 διαςπλεκῶ.

604 3416 639 3465 l.
665 3418 700 3465 4
735 3412 818 3466 οἷς
846 3415 1043 3479 ὅμοιον
1069 3444 1129 3452 -
1158 3415 1252 3481 ὀρέ
1293 3432 1340 3468 ω
1367 3433 1434 3469 ex
1458 3417 1702 3483 Theogn.
1728 3420 1843 3481 138,
1869 3419 1934 3469 28
1961 3424 2018 3469 et
2041 3420 2258 3483 ςφριγῶ
2286 3435 2354 3470 ox
2377 3421 2524 3475 Mon.
2549 3418 2585 3471 1.
2611 3437 2656 3471 c.
2684 3427 3058 3472 accesserunt.

471 3484 508 3537 l.
548 3486 579 3534 8
615 3484 703 3533 hic
738 3485 937 3534 iterum
977 3486 1199 3538 Lascar.
1236 3432 1319 3550 εἷς)
1359 3500 1406 3537 ω
1443 3487 1703 3552 praebet,
1752 3503 1819 3536 ex
1855 3487 2046 3537 eodem
2078 3489 2319 3539 accessit
2365 3485 2567 3552 μίεγω,
2613 3489 2680 3538 do
2716 3504 2823 3553 quo
2857 3490 3063 3541 Herod.

472 3552 621 3601 Mon.
645 3554 735 3612 22,
764 3553 857 3601 22:
895 3549 1096 3616 μίςγωε
1135 3501 1358 3618 οὐδὲνῖ

475 3617 677 3682 μέςων,
716 3617 850 3668 κατ’
874 3617 1190 3684 ἐπιπλοκὴν
1227 3619 1339 3685 ἔχει
1373 3622 1442 3673 τὸ
1477 3623 1528 3675 ἶ.
1579 3620 1610 3671 ὁ
1647 3621 1709 3673 δὲ
1744 3620 1914 3684 λόγος
1939 3621 2033 3673 ἐπὶ
2056 3624 2160 3686 τῆς
2186 3621 2461 3688 ἡμετέρας
2485 3622 2807 3686 διαλέκτου,
2845 3624 3060 3690 φέρβω,

472 3682 1207 3807 2¹3¹{0’2222ff32’12252ffi
1227 3687 1694 3822 Zffiffi‘flfsssssslffl·
1733 3688 2114 3809 '‘⁰1'“1f‘323‘2‘2
2132 3688 2567 3825 ἑῗιέὲίὲὧωηέἓέζ
2585 3690 3064 3811 ἴὲἜὲὲξζῚὲἒέἓῗιῖ

476 3838 544 3871 ex
578 3823 693 3885 Ep:
719 3820 808 3874 Cr.
846 3823 874 3871 1
914 3825 1002 3886 13,
1042 3824 1133 3886 11,
1174 3825 1235 3876 Ε.
1272 3825 1345 3873 Μ.
1384 3827 1505 3887 129,
1548 3828 1611 3875 12
1646 3826 1741 3875 ubi
1777 3825 1923 3875 idem
1962 3842 2140 3876 canon
2175 3828 2518 3892 proponitur.
2660 3828 2693 3878 1.
2735 3831 2797 3879 13
2834 3827 3061 3892 ςμώγω,

477 3888 623 3954 quod
661 3905 758 3955 pro
794 3887 1007 3952 τμώγω
1044 3890 1287 3940 Lobeek.
1322 3891 1516 3944 Rhem.
1556 3894 1651 3943 151
1692 3894 1938 3948 restituit
1976 3895 2146 3944 etiam
2181 3892 2365 3958 φώγω
2405 3895 2673 3957 suadem,
2716 3912 2783 3946 ex
2820 3896 3067 3962 Theogn.

480 3960 603 4020 138,
641 3960 707 4006 32
743 3959 1000 4017 αροοεείι.
1045 3982 1112 3994 —
1161 3958 1197 4009 Ι.
1238 3961 1298 4008 14
1344 3959 1413 4010 τὸ
1458 3958 1519 4011 δὲ
1564 3961 1737 4027 λωγῶ
1784 3960 1904 4011 κτλ.
1941 3961 2130 4011 addidi
2175 3978 2244 4012 ex
2279 3963 2526 4027 Theogn.
2566 3963 2601 4013 1.
2640 3978 2686 4010 ο.
2726 3968 2783 4012 et
2821 3964 2944 4025 149,
2980 3966 3064 4025 21,

477 4026 572 4075 ubi
609 4022 759 4086 λέγω
797 4025 970 4087 λωγῶ
1008 4031 1357 4091 eomparatur
1390 4042 1513 4077 cum
1548 4027 1704 4090 νέμω
1739 4029 1947 4091 νωμῶ,
1984 4026 2168 4093 τρέχω
2204 4031 2440 4093 τρωχῶ,
2479 4027 2639 4080 πέτω
2677 4031 2879 4084 πωτῶ.

476 4092 513 4142 l.
554 4095 614 4142 17
653 4089 864 4155 ἐπείγω
903 4109 1001 4158 pro
1038 4090 1248 4157 ςπείρω
1286 4096 1533 4145 restituit
1557 4096 1693 4149 Lob.
1720 4095 1914 4148 Rhem.
1939 4099 2031 4156 51,
2070 4093 2278 4158 ἀνώγω
2304 4098 2542 4146 accessit
2569 4113 2635 4147 ex
2660 4096 2726 4146 ΙΙ,
2749 4097 2838 4146 Pr.
2868 4095 2913 4147 Ο
2942 4099 3068 4147 725:

477 4157 709 4221 ἀνώγειι
748 4159 1074 4224 βαρυτόνως
1110 4158 1520 4223 ἀναγνωςτέον.
1581 4160 1629 4213 εί
1665 4162 1726 4214 δὲ
1761 4163 1863 4219 καὶ,
1890 4161 1970 4213 ώς
2006 4160 2121 4214 ἀπὸ
2156 4160 2588 4227 περιςπωμένου
2624 4161 2907 4215 δείκνυταί
2941 4177 3068 4214 τινα

478 4226 610 4290 ἔχον
649 4226 952 4292 κινήματα,
998 4227 1187 4292 ὥςπερ
1234 4227 1327 4280 ἐπὶ
1371 4232 1475 4281 τοῦ
1512 4229 1650 4281 «καὶ
1695 4228 1757 4280 δὲ
1801 4228 1934 4280 τόδ’
1967 4228 2229 4294 ἠνώγεον
2280 4227 2459 4280 εἰπεῖν
2504 4229 2683 4282 ἔπος»
2730 4232 2816 4293 (11.
2861 4231 2903 4282 Η
2942 4232 3080 4297 394).

478 4294 581 4345 οὐκ
618 4293 926 4356 ἀναγκαῖον
962 4294 1192 4349 ξενίζειν
1237 4297 1344 4359 τὴν
1381 4296 1696 4360 ἀνάγνωςιν
1731 4296 1822 4348 καὶ
1862 4298 2152 4360 περιςπᾶν.
2221 4294 2470 4349 κλίνεται
2513 4296 2620 4362 γὰρ
2662 4298 2754 4349 καί
2792 4296 2871 4350 ώς
2908 4298 3071 4363 βαρύ-

476 4376 650 4414 τονον
689 4362 879 4427 ὥςπερ
915 4362 1010 4414 ἐπὶ
1044 4366 1149 4415 τοῦ
1187 4362 1452 4416 «ὁππότ’
1486 4364 1570 4416 ἑνὶ
1606 4363 1826 4428 Τρώων
1873 4363 2048 4431 ἀγορῇ
2087 4363 2384 4423 Μενέλαον
2429 4364 2710 4428 ἄνωγεν».
2780 4365 3070 4432 πρόδηλον

554 4445 585 4481 κ
620 4432 744 4481 τῶν
770 4433 1199 4496 προςτακτικῶν
1223 4430 1517 4494 ἀνώγετον
1542 4430 1816 4494 ἀνωγέτω
1844 4429 2097 4496 «ἄνωχθι
2133 4431 2193 4484 δέ
2229 4447 2320 4496 μιν
2352 4433 2690 4497 γαμὶέεςθαι»
2716 4434 2843 4498 (Οᾶ.
2873 4434 2903 4497 β
2930 4432 3071 4501 113).

516 4498 567 4548 ιὸ
604 4499 694 4549 καὶ
731 4498 1057 4563 βαρυτόνως
1094 4498 1504 4562 ἀναγνωςτέον.
1652 4500 1687 4548 l.
1719 4503 1782 4551 21
1821 4499 1895 4551 ad
1925 4499 2090 4551 πέκω
2137 4501 2317 4552 adieci
2351 4500 2420 4553 τὸ
2458 4498 2704 4567 ξηραίνω
2743 4519 2812 4553 ex
2846 4504 3073 4553 Lascar.

485 4568 597 4628 107,
635 4569 720 4630 22,
760 4566 945 4631 κρέκω
990 4566 1133 4618 δέκω
1180 4584 1249 4618 ex
1283 4567 1531 4633 Theogn.
1572 4570 1692 4628 139,
1732 4570 1799 4618 20
1845 4566 2003 4631 (Lob.
2044 4568 2237 4621 Rhem.
2276 4568 2365 4636 57)
2504 4570 2539 4624 l.
2577 4573 2642 4623 22
2686 4568 2904 4634 ἑλκήςω
2948 4572 3071 4636 ipse

484 4632 699 4696 addidi,
757 4651 880 4686 nam
930 4637 1224 4700 sequentia
1269 4637 1441 4686 verba
1487 4635 1589 4687 hoc
1643 4635 1958 4701 requirunt,
2007 4637 2266 4689 Lasoaris
2310 4637 2482 4688 habet
2525 4635 2558 4687 ὃ
2605 4637 2697 4688 καί
2740 4640 3073 4703 περιςπᾶται

484 4704 803 4816 pro-‘roffio
841 4701 903 4754 δὲ
937 4730 1004 4739 -
1049 4702 1212 4754 ἑλκῶ.
1252 4731 1317 4740 -—
1365 4703 1399 4752 l.
1435 4705 1501 4755 24
1537 4702 1737 4766 ἑρείκω
1784 4720 1883 4768 pro
1930 4700 2096 4767 ἑρίκω
2143 4705 2281 4755 Lob.
2315 4704 2507 4759 Rhem.
2545 4707 2610 4756 58
2655 4708 2929 4772 reposuit,
2976 4723 3073 4772 pro

517 4765 661 4818 νέκω
697 4771 924 4821 Lascar.
962 4772 1194 4837 praebet
1228 4770 1474 4834 ἐνέγκω,
1511 4771 1657 4821 idem
1696 4769 1934 4822 πέλεκυς
1970 4788 2068 4837 pro
2103 4772 2345 4823 πελεκᾶς
2381 4772 2622 4827 Arcadii.
2657 4774 2798 4825 —·1.
2835 4777 2902 4825 26
2939 4773 3077 4825 ὅθεν

486 4832 556 4885 τὸ
591 4835 905 4890 διαςπλεκῶ
946 4855 1012 4889 ex
1049 4839 1242 4891 eodem
1275 4841 1502 4893 Lascar.
1540 4839 1747 4890 addidi.

1362 3556 1476 3619 ῆμα
1501 3552 1834 3616 διςύλλαβον
1860 3553 2200 3619 βαρύτονον,
2239 3554 2371 3618 ἔχον
2407 3555 2519 3619 πρὸ
2543 3558 2648 3607 τοῦ
2685 3559 2736 3606 ῶ
2763 3555 2824 3607 ἕν
2860 3571 2914 3607 τι
2940 3559 3061 3607 τῶν

2531 4925 2668 4991 28*
