3664 5546
1185 384 1344 440 ΠΕΡΙ
1385 384 1776 440 ΚΑΘΟΛΙΚΗ(
1811 382 2234 439 ΠΡΟΕΩιΔΙΑ(
2272 384 2340 438 Δ.
2961 384 3039 448 91

459 562 632 639 παρὰ
675 566 766 644 τῷ
811 565 1064 643 κωμικῷ
1109 557 1468 638 Ἀντιφάνει
1524 556 1594 623 ἐν
1650 563 1742 640 τῷ
1800 557 2235 636 «τροφαλίδας
2277 576 2345 621 τε
2392 556 2821 635 λινοςάρκους.
2890 576 3043 638 μαν-

459 665 700 738 θάνεις;
745 663 942 741 τυρὸν
989 663 1235 744 λέγω»,
1277 661 1388 725 ἵνα
1441 658 1538 739 εἴη
1592 660 2071 739 αἰνιγματωδῶς
2128 658 2337 735 λέγων
2381 660 2796 737 λινοςάρκους
2837 660 3042 740 ἤγουν

460 765 694 831 λεπτὰς
739 766 842 830 καὶ
885 763 1136 830 ἁπαλὰς
1179 762 1573 844 τροφαλίδας
1617 763 1734 828 τόν
1779 765 2081 827 τοιοῦτον
2126 761 2338 839 τυρόν.
2412 762 2772 842 τροφαλίδα
2818 763 2888 828 δὲ
2936 762 3043 842 ῥη·

457 869 608 932 τέον
653 867 758 932 διὰ
801 871 919 933 τοῦ
965 870 1038 949 ὃ,
1094 866 1175 931 οὐ
1229 865 1588 947 τρυφαλίδα
1643 864 1748 929 διὰ
1801 868 1918 929 τοῦ
1964 866 2017 927 ὖ.
2104 862 2142 941 ἡ
2187 864 2310 943 γὰρ
2357 864 2520 931 λέξις
2577 863 2816 944 εἴρηται
2869 867 3044 945 παρὰ

457 971 533 1039 τὸ
577 971 945 1052 τρέφεςθαι,
991 969 1028 1034 ὅ
1074 969 1199 1033 ἐςτι
1242 969 1612 1047 πήγνυςθαι,
1659 966 1723 1033 ἐξ
1768 964 1848 1030 οὗ
1894 967 1996 1030 καὶ
2039 965 2232 1045 τρόφι
2277 970 2439 1047 κῦμα
2484 965 2741 1046 εἴρηται.
2830 973 3042 1046 χρῆςις
3070 981 3103 1032 5

459 1074 530 1138 δὲ
573 1077 692 1137 τοῦ
735 1071 1072 1151 εἰρημένου
1116 1070 1452 1150 τρέφεςθαι
1497 1069 1671 1148 πᾶρὰ
1714 1075 1807 1154 τῷ
1851 1075 2083 1153 ποιητῇ
2129 1068 2199 1133 ἐν
2251 1075 2342 1154 τῷ
2392 1069 2599 1150 «μάλα
2643 1070 2711 1135 δ>
2754 1069 2889 1136 ὦκα
2932 1092 3043 1136 πε·

459 1175 821 1255 ριτρέφεται
865 1174 1216 1239 κυκόωντι»
1264 1169 1368 1255 (11.
1413 1172 1457 1236 Ε
1501 1170 1670 1253 903).

626 1277 720 1342 Τὰ
774 1276 863 1343 εἰς
917 1266 1015 1341 λις
1060 1275 1566 1356 ὑπερδιςύλλαβα
1609 1272 2109 1353 παραληγόμενα
2163 1277 2201 1350 ἦ
2249 1275 2618 1355 βαρύνεται,
2675 1275 3043 1359 κάπηλις,

458 1380 781 1460 κύβηλις
836 1378 874 1442 ὁ
920 1378 1147 1460 πέλυξ,
1192 1377 1470 1456 ἔπηλις
1513 1379 1588 1443 τὸ
1634 1379 1827 1456 πῶμα
1870 1380 1980 1455 τῆς
2028 1376 2375 1459 λάρνακος,
2429 1376 2812 1456 τρόπηλις
2857 1378 2896 1456 ἡ
2943 1378 3042 1443 δέ-

459 1505 574 1562 ςμη
619 1484 753 1547 τῶν
799 1480 1145 1560 ςκορόδων.
1236 1480 1576 1559 Μέτηλις
1627 1479 1814 1544 πόλις
1868 1477 2136 1557 πληςίον
2181 1479 2685 1563 Ἀλεξανδρείας,
2743 1478 3043 1558 Φαςάη-
3082 1495 3147 1547 10

459 1589 574 1651 λις
620 1584 807 1650 πόλις
850 1588 960 1662 τῆς
1016 1583 1320 1648 Ἰουδαίας
1376 1582 1504 1647 ὑπὸ
1558 1581 1853 1660 Ἡρώδου
1907 1584 2212 1646 κτιςθεῖςα
2266 1585 2383 1646 τὀὓ
2434 1582 2698 1661 πρώτου
2744 1582 3045 1663 βαςιλέως

457 1691 568 1767 τῆς
612 1688 845 1769 χώρας,
889 1691 980 1769 τῷ
1024 1684 1289 1764 ὀνόματι
1333 1689 1450 1750 τοῦ
1495 1684 1808 1766 ἀδελφοῦ,
1857 1683 1947 1748 ὡς
1991 1684 2288 1763 Ἰώςηπος
2333 1685 2403 1749 ἑν
2446 1684 2505 1748 α’
2536 1688 2653 1748 τοῦ
2696 1685 2860 1763 πρὸς
2890 1684 3043 1749 Ῥω-

458 1790 682 1871 μαίους
737 1788 1026 1867 πολέμου
1084 1785 1168 1870 (c.
1221 1786 1360 1870 16),
1415 1787 1750 1866 Ὗψηλις
1809 1786 1987 1865 κώμη
2043 1785 2397 1870 Αἰγύπτου,
2452 1787 2791 1866 Φάςηλις
2856 1790 3046 1866 νῆςος

457 1891 858 1971 Παμφυλίας.
947 1892 1023 1956 τὸ
1071 1889 1284 1968 μέντοι
1329 1888 1595 1965 ἀγγεῖον
1643 1887 1949 1956 ὀξύνεται.

627 1994 721 2058 Τὰ
765 1993 854 2058 εἰς
898 1993 1018 2058 δύο
1065 1978 1152 2058 ’λλ
1196 1992 1359 2070 ὑπὲρ
1404 1992 1524 2057 δύο
1569 1992 1884 2070 ςυλλαβὰς
1929 1989 2252 2073 ὀξύνεται,
2297 1992 2352 2057 εἰ
2395 1993 2476 2072 μὴ
2522 1992 2839 2057 ἐπιθετικὰ
2883 2013 3042 2071 παρ·
3081 2014 3144 2065 15

458 2098 680 2176 ώνυμα
735 2094 831 2174 εἴη
890 2096 1206 2174 γενόμενα
1261 2093 1392 2159 ἀπὸ
1448 2097 1579 2159 τῶν
1636 2093 1726 2159 εἰς
1780 2097 1892 2176 ἧς’,
1952 2094 2467 2178 κορυδαλλίς,
2526 2094 2960 2175 ἀναβαλλίς
3005 2096 3044 2174 ἡ

455 2202 726 2281 ςφαῑρα,
783 2198 1177 2280 ςυκαλλίς,
1235 2196 1684 2279 μοιχαλλίς,
1741 2195 2133 2274 θρυαλλίς.
2237 2196 2690 2261 Ἀκακαλλίς
2760 2198 2804 2276 ἡ
2859 2197 3044 2262 Μίνω

458 2302 769 2399 θυγατήρ,
814 2300 890 2365 τὸ
936 2299 1152 2378 μέντοι
1198 2298 1568 2379 κάβαλλις
1614 2298 1968 2378 βαρύνεται.

628 2403 722 2468 Τὰ
776 2402 864 2466 εἰς
910 2405 1004 2467 λις
1049 2401 1574 2483 ὑπερδιςύλλαβα,
1620 2400 1675 2464 εἰ
1704 2399 1845 2478 ἔχοι
1876 2400 1947 2465 ἕν
1978 2422 2036 2465 τι
2066 2405 2197 2466 τῶν
2226 2401 2411 2482 φύςει
2444 2401 2734 2481 βραχέων
2766 2402 2804 2479 ἢ
2835 2402 2910 2467 τὸ
2942 2404 2973 2464 ἶ
3004 2401 3043 2479 ἢ

457 2508 533 2573 τὸ
563 2531 601 2573 υ
648 2505 881 2587 βραχύ,
926 2504 1236 2586 ὀξύνεται,
1280 2501 1647 2584 κυψελίς,
1694 2504 2022 2583 βαςιλίς,
2065 2502 2359 2585 Αἰολίς,
2391 2503 2760 2583 Ἐγχελίς,
2811 2503 3043 2584 Κυβε-
3079 2525 3148 2576 20

459 2609 604 2674 λίς·
677 2607 1073 2685 Πείςανδρος
1129 2605 1406 2689 δεκάτῳ,
1464 2605 1852 2685 Ἀργολίς,
1908 2603 2209 2670 Ὀζολίς
2265 2607 2305 2684 ἡ
2349 2606 2560 2687 χώρα,
2617 2606 3043 2687 Δαςκυλίς,

457 2710 791 2791 πηγυλίς
850 2708 1005 2777 «νύξ
1062 2708 1185 2787 γὰρ
1240 2707 1474 2785 ἐπῆλθε
1539 2707 1695 2785 κακὴ
1754 2706 2003 2786 Βορέαο
2058 2707 2370 2773 πεςόντος
2436 2708 2743 2787 πηγυλίς»
2811 2704 2967 2791 (Od.
3012 2713 3044 2776 ξ

455 2813 642 2896 475),
688 2811 1028 2891 Θηγυλίς
1073 2810 1366 2875 ἐπίθετον
1411 2810 1703 2892 Ἀθηνᾶς,
1761 2809 2158 2885 γογγυλίς.
2245 2811 2321 2875 τὸ
2375 2811 2590 2889 μέντοι
2634 2812 2922 2879 Ἄζιλις
2966 2812 3043 2875 τὸ

457 2905 512 2986 ’Ζῖ
569 2916 811 2996 μακρὸν
866 2914 1013 2992 ἔχει.
1101 2913 1227 2977 ἔςτι
1282 2914 1352 2977 δὲ
1410 2911 1596 2977 πόλις
1650 2911 1896 2992 Λιβύης.
1993 2913 2161 2976 τινὲς
2218 2914 2288 2984 δὲ
2331 2913 2568 2990 Ἄζιριν
2635 2913 2791 2992 μετὰ
2844 2918 2961 2980 τοῦ
3007 2915 3043 2994 ’ῥ

458 3022 712 3096 λέγουςι
767 3016 884 3081 τόν
937 3020 1173 3094 χῶρον.
1263 3014 1473 3093 Χάραξ
1530 3015 1602 3079 δὲ
1655 3015 1911 3092 Ἄζιρον
1968 3014 2136 3090 λέγει
2193 3015 2410 3094 αὐτήν.
2510 3014 2747 3094 ὁμοίως
2800 3018 2902 3082 καὶ
2964 3019 3041 3084 τό
3077 3035 3146 3086 25

455 3122 818 3200 ’Ἀγρυλις
881 3118 1438 3196 προπαροξύνεται
1494 3117 1598 3181 διὰ
1651 3116 1728 3180 τὸ
1782 3119 1900 3180 τοῦ
1969 3121 2006 3178 ῡ
2062 3119 2273 3196 μῆκος.
2353 3117 2456 3182 καὶ
2516 3117 2592 3181 τὸ
2650 3117 3043 3195 (ιςίγυλις

458 3224 644 3290 πόλις
689 3221 929 3301 μεγάλη
984 3218 1251 3298 πληςίον
1300 3219 1606 3296 Κελτικῆς.
1694 3217 1770 3282 τὸ
1829 3219 1901 3282 δὲ
1945 3219 2361 3298 Παμφυλίς
2417 3219 2670 3285 ἐθνικὸν
2721 3222 2824 3286 καὶ
2867 3221 3040 3301 Τρι-

458 3325 693 3407 φυλίς
738 3322 1028 3389 ὀξύνεται
1075 3321 1164 3386 ὡς
1205 3319 1417 3385 Αἰολίς
1459 3320 1722 3385 Αἰτωλίς
1765 3321 1870 3395 καὶ
1909 3320 1989 3384 τὰ
2033 3320 2239 3399 ὅμοια.

629 3426 722 3491 Τὰ
777 3425 865 3489 εἰς
909 3411 1013 3489 λιέ
1060 3423 1416 3504 παρώνυμα
1469 3429 1563 3504 τῷ
1608 3427 1662 3488 ὦ
1714 3424 1752 3500 ἢ
1800 3421 2135 3507 διφθόγγῳ
2190 3422 2689 3502 παραληγόμενα
2731 3424 3043 3506 ὀξύνεται,

458 3527 893 3609 Πακτωλίς,
937 3524 1302 3607 Αἰτωλίς,
1358 3524 1629 3590 Ἰουλίς
1672 3524 1859 3590 πόλις
1904 3525 1975 3588 ἐν
2024 3525 2159 3608 Κέω
2214 3531 2290 3610 τῇ
2348 3526 2519 3609 νήςιμ
2564 3526 2695 3591 ἀπὸ
2742 3527 3042 3593 Ἰουλίδας
3079 3547 3146 3598 30
3222 3589 3229 3596 .

460 3634 707 3712 κρήνης.
752 3630 829 3695 τὸ
841 3630 918 3694 Ἀ
932 3633 968 3693 δ
982 3649 1020 3693 ο
1036 3650 1073 3693 υ
1089 3630 1126 3692 λ
1141 3649 1161 3691 ι
1175 3647 1206 3693 ς
1228 3627 1416 3693 πόλις
1436 3627 1755 3693 Αἰθιόπων
1778 3628 2336 3706 προπαροξύνεται
2359 3629 2462 3693 καὶ
2482 3629 2562 3693 τὰ
2585 3628 2626 3693 ἀ
2641 3650 2715 3708 ρτ
2730 3629 2768 3695 ό
2779 3651 2826 3694 π
2840 3651 2893 3694 ω
2909 3633 2943 3695 λ
2960 3651 2979 3694 ι
2994 3650 3042 3694 ς.

457 3855 634 3905 Paris·
668 3853 754 3904 ΠΙ
790 3853 907 3914 216,
946 3851 1051 3914 14),
1088 3850 1184 3901 ubi
1219 3850 1441 3900 disertis
1476 3850 1661 3901 verbis
1696 3850 1836 3901 haee
1869 3849 2189 3903 Herodiano
2225 3854 2600 3919 aesignantur.
2657 3853 2949 3902 Caeterum
2985 3854 3043 3902 in

458 3922 639 3975 Diehr.
677 3923 797 3985 299,
837 3922 899 3971 1‘1
935 3916 1210 3983 τρυφαλίς
1249 3934 1346 3984 per
1379 3920 1413 3967 ῦ
1454 3918 1714 3983 seriptum
1751 3923 1854 3970 est.
2025 3919 2059 3969 l.
2102 3924 2162 3970 10
2199 3918 2447 3985 Μέτηλις
2484 3937 2652 3986 usqne
2692 3920 2763 3969 ad
2799 3918 3042 3985 Ὕψηλις

456 3992 491 4040 1.
536 3994 594 4041 13
633 4007 700 4040 ex
739 3991 817 4041 St.
857 3989 918 4038 B.
956 3986 1167 4037 addita.
1239 3987 1323 4036 De
1360 3983 1600 4049 Φάςηλις
1638 3987 1774 4037 nihil
1819 3988 1927 4038 nisi
1963 3987 2065 4038 hoc
2100 3988 2369 4038 Arcadius
2404 3990 2575 4039 habet
2608 3988 2685 4039 πλ
2728 4003 2760 4037 ν
2796 3990 2899 4038 τοῦ
2937 4002 3042 4051 φα-

456 4056 632 4123 ςηλίς,
672 4058 774 4109 sed
810 4057 889 4106 St.
927 4058 990 4109 B.
1027 4057 1143 4116 660,
1187 4057 1248 4104 15
1284 4052 1525 4117 Φάςηλις
1569 4053 1731 4107 πόλις
1768 4053 2124 4119 Παμφυλίας.
2184 4056 2526 4121 Ἡρωδιανὸς
2560 4055 2623 4108 δὲ
2661 4071 2697 4118 μ
2736 4069 2832 4107 νος
2869 4054 3042 4120 νῆςόν

457 4141 590 4190 φηςι
627 4125 719 4177 καὶ
767 4123 1305 4188 προπαροξύνεςθαι’
1350 4121 1420 4173 τὸ
1467 4121 1658 4184 μέντοι
1705 4122 1934 4185 ἀγγεῖον
1979 4122 2031 4174 οἱ
2077 4122 2185 4174 ἀπ’
2224 4123 2638 4189 Ἀλεξανδρείας
2688 4123 2744 4186 (i.
2785 4141 2831 4173 e.
2870 4124 3041 4174 Hero·

458 4194 654 4245 dianus
692 4209 813 4243 eum
849 4193 1237 4256 sectatoribus)
1278 4189 1582 4242 ὀξύνουςιν.
1722 4191 1759 4242 l.
1788 4193 1849 4241 17
1890 4192 1956 4241 de
1996 4190 2279 4254 μοιχαλλίς
2308 4195 2444 4246 Lob.
2472 4192 2636 4243 Proll.
2663 4195 2752 4242 96:
2793 4189 3041 4254 μοιχαλίς

456 4262 556 4313 hoe
589 4278 700 4312 uno
737 4261 897 4311 modo
932 4261 1192 4325 scriptum
1229 4259 1407 4324 reperi
1450 4259 1522 4308 ad
1557 4260 1756 4323 Phryn.
1795 4277 1846 4325 p.
1880 4263 1999 4309 452.
2074 4259 2400 4312 Ἀκακαλλίς
2447 4262 2680 4311 accessit
2727 4277 2793 4310 ex
2844 4261 2920 4309 St.
2960 4261 3042 4321 B„

455 4329 720 4394 κάβαλλι(
757 4328 1041 4380 Lobeckio
1079 4329 1116 4378 l.
1153 4345 1196 4380 c.
1246 4327 1567 4377 femininum
1612 4329 1949 4380 substantivi
1997 4326 2276 4391 καβάλλῃ(
2312 4329 2532 4379 videtur
2566 4334 2629 4378 ut
2664 4326 2913 4392 δαμάλης
2950 4325 3042 4378 δά-

458 4400 631 4461 μαλις.
701 4397 986 4448 Excidiese
1025 4394 1245 4446 videiur
1285 4396 1343 4444 in
1388 4411 1596 4446 canone
1643 4396 1678 4459 ἢ
1716 4395 1877 4460 κύρια
1923 4393 2037 4459 εἴη,
2086 4412 2211 4446 nam
2259 4395 2528 4460 Κάραλλις
2568 4396 2828 4460 Ἰςαυρικὴ
2878 4393 3041 4447 πόλις

455 4468 649 4517 canoni
685 4471 747 4515 ut
785 4481 926 4515 nune
961 4466 1166 4530 legitur
1208 4464 1404 4514 subiici
1451 4479 1559 4513 non
1597 4470 1799 4528 potest.
1939 4464 1974 4514 1.
2004 4466 2064 4514 19
2102 4463 2136 4527 ἢ
2173 4462 2242 4515 τὸ
2279 4467 2312 4515 U
2350 4465 2575 4520 inserui.
2627 4462 2839 4515 Βάςιλις
2878 4462 3041 4514 πόλις

457 4532 758 4599 Ἀρκαδίας.
806 4530 1126 4585 Παυςανίας
1163 4530 1351 4596 ὀγδόῳ
1388 4547 1474 4597 ap.
1514 4531 1592 4580 St.
1632 4533 1689 4581 Β.
1728 4537 2017 4594 gravatum
2056 4538 2158 4593 est,
2196 4533 2294 4582 sed
2332 4533 2476 4597 apud
2513 4535 2752 4583 Pausan.
2792 4549 2838 4584 c.
2875 4534 2970 4592 29,
3009 4535 3042 4582 5

460 4601 672 4655 Βαςιλίς
711 4602 929 4666 legitur.
1002 4596 1242 4664 Ἐγχελίς
1266 4627 1331 4635 —
1356 4597 1618 4662 γογγυλίς
1655 4599 1689 4653 1.
1718 4603 1947 4656 23.sunt
1982 4617 2047 4650 ex
2087 4601 2300 4665 Steph„
2339 4602 2429 4666 qui
2465 4616 2728 4651 canonem
2767 4600 2833 4649 de
2872 4600 3041 4649 nomi·

458 4688 616 4739 nibus
655 4689 713 4736 in
758 4675 877 4738 υλιὲ
914 4687 1122 4753 profert
1159 4702 1200 4735 s.
1237 4680 1560 4747 Παμφυλία.
1633 4683 1835 4736 ’Ἁζιλις
1872 4683 2089 4749 explevi
2126 4701 2193 4735 ex
2231 4685 2311 4738 St.
2350 4688 2412 4736 B.
2606 4684 2641 4732 1.
2677 4686 2742 4733 26
2778 4683 3039 4749 Ἀγρυλις

460 4772 524 4805 ex
561 4757 638 4806 St.
681 4757 742 4807 B.
777 4755 813 4804 1.
852 4772 914 4816 c.‚
954 4751 1220 4817 (ιςίγυλις
1258 4768 1324 4803 ex
1361 4770 1413 4818 p.
1454 4755 1571 4814 572,
1613 4754 1691 4813 18,
1728 4750 2031 4816 Παμφυλίς
2068 4754 2184 4814 498,
2227 4755 2313 4812 18,
2354 4748 2621 4816 Τριφυλίς
2658 4753 2783 4813 638,
2825 4754 2902 4802 17.

459 4822 493 4872 l.
529 4827 593 4874 30
631 4821 821 4875 Ἰουλίς
859 4822 1075 4887 explevi
1111 4838 1178 4872 ex
1214 4820 1292 4872 St.
1329 4823 1393 4872 B.
1434 4821 1564 4870 item
1601 4819 1876 4884 Ἀδουλις,
1916 4822 1983 4871 de
2022 4837 2128 4885 quo
2164 4824 2245 4883 26,
2284 4825 2351 4872 20
2386 4820 2639 4873 Ἀδουλι(
2676 4818 2921 4884 ὀφείλει,
2959 4818 3038 4874 ὠ(

464 4905 801 4972 Ἡρωδιανὸς
840 4904 902 4957 ἐν
938 4909 1054 4958 τοῖς
1099 4904 1177 4958 εἰς
1213 4891 1296 4959 'mc‘
1331 4909 1416 4971 τῷ
1452 4906 1501 4956 ’ὧ
1540 4904 1574 4968 ἢ
1611 4904 1904 4972 διφθόγγψ
1931 4905 2430 4972 παραληγομένοις.
