<?xml version="1.0" encoding="UTF-8"?>
<!DOCTYPE html PUBLIC "-//W3C//DTD XHTML 1.0 Transitional//EN"
    "http://www.w3.org/TR/xhtml1/DTD/xhtml1-transitional.dtd">
<html xmlns="http://www.w3.org/1999/xhtml" xml:lang="en" lang="en">
 <head>
  <title>
</title>
<meta http-equiv="Content-Type" content="text/html;charset=utf-8" />
  <meta name='ocr-system' content='tesseract 3.04.00' />
  <meta name='ocr-capabilities' content='ocr_page ocr_carea ocr_par ocr_line ocrx_word'/>
</head>
<body>
  <div class='ocr_page' id='page_1' title='image "./grammaticigraec02unkngoog_0567.png"; bbox 0 0 3664 5546; ppageno 0'>
   <div class='ocr_carea' id='block_1_1' title="bbox 1182 263 3068 327">
    <p class='ocr_par' dir='ltr' id='par_1_1' title="bbox 1182 263 3068 327">
     <span class='ocr_line' id='line_1_1' title="bbox 1182 263 3068 327; baseline 0.004 -8"><span class='ocrx_word' id='word_1_1' title='bbox 1182 265 1342 320; x_wconf 84' lang='grc' dir='ltr'>ΠΕΡΙ</span> <span class='ocrx_word' id='word_1_2' title='bbox 1384 264 1776 320; x_wconf 77' lang='grc' dir='ltr'>ΚΑΘΟΛΙΚΗΕ</span> <span class='ocrx_word' id='word_1_3' title='bbox 1813 263 2236 319; x_wconf 78' lang='grc' dir='ltr'>ΠΡΟΕΩιΔΙΑΕ</span> <span class='ocrx_word' id='word_1_4' title='bbox 2274 265 2350 319; x_wconf 89' lang='grc' dir='ltr'>ΙΒ.</span> <span class='ocrx_word' id='word_1_5' title='bbox 2549 291 2554 296; x_wconf 95' lang='grc'>-</span> <span class='ocrx_word' id='word_1_6' title='bbox 2950 263 3068 327; x_wconf 79' lang='lat'>321</span> 
     </span>
    </p>
   </div>
   <div class='ocr_carea' id='block_1_2' title="bbox 486 435 3186 3675">
    <p class='ocr_par' dir='ltr' id='par_1_2' title="bbox 486 435 3186 3675">
     <span class='ocr_line' id='line_1_2' title="bbox 487 435 3077 515; baseline -0.001 -13"><span class='ocrx_word' id='word_1_7' title='bbox 487 458 597 502; x_wconf 89' lang='grc' dir='ltr'>τος</span> <span class='ocrx_word' id='word_1_8' title='bbox 642 439 712 502; x_wconf 80' lang='grc' dir='ltr'>δὲ</span> <span class='ocrx_word' id='word_1_9' title='bbox 762 441 878 501; x_wconf 94' lang='grc' dir='ltr'>τοῦ</span> <span class='ocrx_word' id='word_1_10' title='bbox 923 436 1243 515; x_wconf 78' lang='grc' dir='ltr'>ὀνόματος</span> <span class='ocrx_word' id='word_1_11' title='bbox 1272 438 1517 515; x_wconf 88' lang='grc' dir='ltr'>Ταρςὸς</span> <span class='ocrx_word' id='word_1_12' title='bbox 1562 437 1791 515; x_wconf 80' lang='grc' dir='ltr'>ἐκλήθη</span> <span class='ocrx_word' id='word_1_13' title='bbox 1808 462 1852 500; x_wconf 77' lang='grc'>».</span> <span class='ocrx_word' id='word_1_14' title='bbox 1908 436 2233 515; x_wconf 86' lang='grc' dir='ltr'>Αἰγιάλη</span> <span class='ocrx_word' id='word_1_15' title='bbox 2280 435 2387 515; x_wconf 88' lang='grc' dir='ltr'>μία</span> <span class='ocrx_word' id='word_1_16' title='bbox 2430 438 2564 500; x_wconf 85' lang='grc' dir='ltr'>τῶν</span> <span class='ocrx_word' id='word_1_17' title='bbox 2595 439 2787 513; x_wconf 86' lang='grc' dir='ltr'>τριῶν</span> <span class='ocrx_word' id='word_1_18' title='bbox 2818 435 3077 500; x_wconf 89' lang='grc' dir='ltr'>πόλεων</span> 
     </span>
     <span class='ocr_line' id='line_1_3' title="bbox 488 536 3078 623; baseline -0.002 -20"><span class='ocrx_word' id='word_1_19' title='bbox 488 539 557 604; x_wconf 82' lang='grc' dir='ltr'>ἐν</span> <span class='ocrx_word' id='word_1_20' title='bbox 605 539 894 623; x_wconf 82' lang='grc' dir='ltr'>Ἀμοργῷ</span> <span class='ocrx_word' id='word_1_21' title='bbox 950 545 1025 623; x_wconf 85' lang='grc' dir='ltr'>τῇ</span> <span class='ocrx_word' id='word_1_22' title='bbox 1082 539 1270 621; x_wconf 88' lang='grc' dir='ltr'>νήςῳ.</span> <span class='ocrx_word' id='word_1_23' title='bbox 1368 538 1733 617; x_wconf 81' lang='grc' dir='ltr'>Ψυττάλη</span> <span class='ocrx_word' id='word_1_24' title='bbox 1789 542 1980 616; x_wconf 89' lang='grc' dir='ltr'>νῆςος</span> <span class='ocrx_word' id='word_1_25' title='bbox 2037 540 2181 616; x_wconf 90' lang='grc' dir='ltr'>περὶ</span> <span class='ocrx_word' id='word_1_26' title='bbox 2237 536 2574 617; x_wconf 69' lang='grc' dir='ltr'>(Σαλαμῖνα.</span> <span class='ocrx_word' id='word_1_27' title='bbox 2674 536 2920 611; x_wconf 86' lang='grc' dir='ltr'>λέγεται</span> <span class='ocrx_word' id='word_1_28' title='bbox 2977 538 3078 600; x_wconf 87' lang='grc' dir='ltr'>καὶ</span> 
     </span>
     <span class='ocr_line' id='line_1_4' title="bbox 486 637 3076 720; baseline 0 -16"><span class='ocrx_word' id='word_1_29' title='bbox 486 640 859 705; x_wconf 82' lang='grc' dir='ltr'>Ψυττάλεια.</span> <span class='ocrx_word' id='word_1_30' title='bbox 927 640 1096 704; x_wconf 86' lang='grc' dir='ltr'>ἔοικε</span> <span class='ocrx_word' id='word_1_31' title='bbox 1142 641 1213 704; x_wconf 83' lang='grc' dir='ltr'>δὲ</span> <span class='ocrx_word' id='word_1_32' title='bbox 1258 640 1614 704; x_wconf 81' lang='grc' dir='ltr'>Ψυττάλεια</span> <span class='ocrx_word' id='word_1_33' title='bbox 1657 641 2088 718; x_wconf 87' lang='grc' dir='ltr'>πρῳτότυπον</span> <span class='ocrx_word' id='word_1_34' title='bbox 2134 637 2297 703; x_wconf 81' lang='grc' dir='ltr'>εἶναι</span> <span class='ocrx_word' id='word_1_35' title='bbox 2347 639 2436 703; x_wconf 84' lang='grc' dir='ltr'>ὡς</span> <span class='ocrx_word' id='word_1_36' title='bbox 2480 638 2850 720; x_wconf 88' lang='grc' dir='ltr'>Ἀγάμμεια,</span> <span class='ocrx_word' id='word_1_37' title='bbox 2877 638 3076 704; x_wconf 75' lang='grc' dir='ltr'>,Μαν-</span> 
     </span>
     <span class='ocr_line' id='line_1_5' title="bbox 486 740 3077 825; baseline -0.001 -19"><span class='ocrx_word' id='word_1_38' title='bbox 486 743 719 825; x_wconf 88' lang='grc' dir='ltr'>τίνεια,</span> <span class='ocrx_word' id='word_1_39' title='bbox 754 742 1067 824; x_wconf 85' lang='grc' dir='ltr'>Ἐρύθεια,</span> <span class='ocrx_word' id='word_1_40' title='bbox 1098 742 1358 823; x_wconf 80' lang='grc' dir='ltr'>Ζέλειά,</span> <span class='ocrx_word' id='word_1_41' title='bbox 1403 741 1530 821; x_wconf 79' lang='grc' dir='ltr'>ἀφ’</span> <span class='ocrx_word' id='word_1_42' title='bbox 1575 740 1655 805; x_wconf 87' lang='grc' dir='ltr'>οὗ</span> <span class='ocrx_word' id='word_1_43' title='bbox 1699 742 1860 806; x_wconf 85' lang='grc' dir='ltr'>κατὰ</span> <span class='ocrx_word' id='word_1_44' title='bbox 1891 741 2288 821; x_wconf 85' lang='grc' dir='ltr'>ςυναλοιφὴν</span> <span class='ocrx_word' id='word_1_45' title='bbox 2335 741 2594 816; x_wconf 82' lang='grc' dir='ltr'>ἐγένετο</span> <span class='ocrx_word' id='word_1_46' title='bbox 2643 741 2732 805; x_wconf 82' lang='grc' dir='ltr'>ὡς</span> <span class='ocrx_word' id='word_1_47' title='bbox 2778 740 3077 820; x_wconf 92' lang='grc' dir='ltr'>Ἀγάμμη,</span> 
     </span>
     <span class='ocr_line' id='line_1_6' title="bbox 490 842 3138 927; baseline -0.004 -17"><span class='ocrx_word' id='word_1_48' title='bbox 490 845 812 927; x_wconf 83' lang='grc' dir='ltr'>Μαντίνη,</span> <span class='ocrx_word' id='word_1_49' title='bbox 868 844 1071 925; x_wconf 84' lang='grc' dir='ltr'>Ζέλη,</span> <span class='ocrx_word' id='word_1_50' title='bbox 1127 844 1367 923; x_wconf 86' lang='grc' dir='ltr'>Ἐρύθη.</span> <span class='ocrx_word' id='word_1_51' title='bbox 1466 842 1787 921; x_wconf 84' lang='grc' dir='ltr'>Μυκάλη</span> <span class='ocrx_word' id='word_1_52' title='bbox 1852 843 2038 907; x_wconf 90' lang='grc' dir='ltr'>πόλις</span> <span class='ocrx_word' id='word_1_53' title='bbox 2107 843 2348 921; x_wconf 86' lang='grc' dir='ltr'>Καρίας.</span> <span class='ocrx_word' id='word_1_54' title='bbox 2446 842 2798 921; x_wconf 82' lang='grc' dir='ltr'>Ἱ-Ιρόδοτος</span> <span class='ocrx_word' id='word_1_55' title='bbox 2853 843 3076 925; x_wconf 86' lang='grc' dir='ltr'>πρώτῃ</span> <span class='ocrx_word' id='word_1_56' title='bbox 3105 853 3138 900; x_wconf 82' lang='lat'>5</span> 
     </span>
     <span class='ocr_line' id='line_1_7' title="bbox 487 944 3079 1027; baseline 0 -19"><span class='ocrx_word' id='word_1_57' title='bbox 487 949 567 1027; x_wconf 83' lang='lat' dir='ltr'>(c.</span> <span class='ocrx_word' id='word_1_58' title='bbox 621 944 785 1027; x_wconf 82' lang='lat'>148).</span> <span class='ocrx_word' id='word_1_59' title='bbox 853 946 1142 1026; x_wconf 92' lang='grc' dir='ltr'>Δίδυμος</span> <span class='ocrx_word' id='word_1_60' title='bbox 1187 945 1244 1010; x_wconf 77' lang='grc' dir='ltr'>δ’</span> <span class='ocrx_word' id='word_1_61' title='bbox 1287 944 1443 1023; x_wconf 84' lang='grc' dir='ltr'>ὄρος</span> <span class='ocrx_word' id='word_1_62' title='bbox 1488 946 1603 1023; x_wconf 88' lang='grc' dir='ltr'>τὴν</span> <span class='ocrx_word' id='word_1_63' title='bbox 1651 944 1959 1023; x_wconf 86' lang='grc' dir='ltr'>Μυκάλην</span> <span class='ocrx_word' id='word_1_64' title='bbox 2004 945 2210 1023; x_wconf 89' lang='grc' dir='ltr'>φηςίν.</span> <span class='ocrx_word' id='word_1_65' title='bbox 2271 944 2504 1022; x_wconf 85' lang='grc' dir='ltr'>ἐκλήθη</span> <span class='ocrx_word' id='word_1_66' title='bbox 2541 946 2612 1008; x_wconf 83' lang='grc' dir='ltr'>δὲ</span> <span class='ocrx_word' id='word_1_67' title='bbox 2658 944 2794 1008; x_wconf 86' lang='grc' dir='ltr'>ἐπεὶ</span> <span class='ocrx_word' id='word_1_68' title='bbox 2838 944 2902 1008; x_wconf 79' lang='grc' dir='ltr'>αἱ</span> <span class='ocrx_word' id='word_1_69' title='bbox 2948 948 3079 1008; x_wconf 88' lang='grc' dir='ltr'>λοι-</span> 
     </span>
     <span class='ocr_line' id='line_1_8' title="bbox 487 1044 3077 1130; baseline -0.001 -18"><span class='ocrx_word' id='word_1_70' title='bbox 487 1049 602 1111; x_wconf 82' lang='grc' dir='ltr'>παὶ</span> <span class='ocrx_word' id='word_1_71' title='bbox 632 1048 946 1126; x_wconf 72' lang='grc' dir='ltr'>Γοργόνες</span> <span class='ocrx_word' id='word_1_72' title='bbox 988 1047 1101 1111; x_wconf 80' lang='grc' dir='ltr'>ἐπ’</span> <span class='ocrx_word' id='word_1_73' title='bbox 1142 1045 1338 1130; x_wconf 85' lang='grc' dir='ltr'>οἴκτῳ</span> <span class='ocrx_word' id='word_1_74' title='bbox 1384 1048 1742 1126; x_wconf 84' lang='grc' dir='ltr'>μυκώμεναι</span> <span class='ocrx_word' id='word_1_75' title='bbox 1788 1048 1905 1124; x_wconf 87' lang='grc' dir='ltr'>τὴν</span> <span class='ocrx_word' id='word_1_76' title='bbox 1941 1048 2227 1125; x_wconf 83' lang='grc' dir='ltr'>κεφαλὴν</span> <span class='ocrx_word' id='word_1_77' title='bbox 2262 1045 2593 1124; x_wconf 89' lang='grc' dir='ltr'>Μεδούςης</span> <span class='ocrx_word' id='word_1_78' title='bbox 2624 1044 3077 1111; x_wconf 84' lang='grc' dir='ltr'>ἀνεκαλοῦντο.</span> 
     </span>
     <span class='ocr_line' id='line_1_9' title="bbox 489 1147 3079 1231; baseline -0.002 -17"><span class='ocrx_word' id='word_1_79' title='bbox 489 1150 552 1214; x_wconf 86' lang='grc' dir='ltr'>οἱ</span> <span class='ocrx_word' id='word_1_80' title='bbox 613 1151 684 1214; x_wconf 83' lang='grc' dir='ltr'>δὲ</span> <span class='ocrx_word' id='word_1_81' title='bbox 734 1149 1046 1227; x_wconf 91' lang='grc' dir='ltr'>Μυχάλην</span> <span class='ocrx_word' id='word_1_82' title='bbox 1099 1148 1298 1227; x_wconf 85' lang='grc' dir='ltr'>αὐτήν</span> <span class='ocrx_word' id='word_1_83' title='bbox 1359 1169 1583 1230; x_wconf 91' lang='grc' dir='ltr'>φαςιν,</span> <span class='ocrx_word' id='word_1_84' title='bbox 1641 1148 1779 1212; x_wconf 86' lang='grc' dir='ltr'>ἐπεὶ</span> <span class='ocrx_word' id='word_1_85' title='bbox 1834 1148 1905 1211; x_wconf 81' lang='grc' dir='ltr'>ἐν</span> <span class='ocrx_word' id='word_1_86' title='bbox 1962 1148 2129 1231; x_wconf 87' lang='grc' dir='ltr'>μέςῳ</span> <span class='ocrx_word' id='word_1_87' title='bbox 2174 1149 2370 1211; x_wconf 84' lang='grc' dir='ltr'>κεῑτὰι</span> <span class='ocrx_word' id='word_1_88' title='bbox 2432 1149 2542 1224; x_wconf 90' lang='grc' dir='ltr'>τῆς</span> <span class='ocrx_word' id='word_1_89' title='bbox 2591 1148 2854 1227; x_wconf 88' lang='grc' dir='ltr'>Καρικῆς</span> <span class='ocrx_word' id='word_1_90' title='bbox 2908 1147 3079 1212; x_wconf 88' lang='grc' dir='ltr'>ἁλός.</span> 
     </span>
     <span class='ocr_line' id='line_1_10' title="bbox 486 1249 3079 1331; baseline -0.002 -15"><span class='ocrx_word' id='word_1_91' title='bbox 486 1250 816 1328; x_wconf 89' lang='grc' dir='ltr'>Πατάλη</span> <span class='ocrx_word' id='word_1_92' title='bbox 860 1250 1046 1315; x_wconf 89' lang='grc' dir='ltr'>πόλις</span> <span class='ocrx_word' id='word_1_93' title='bbox 1090 1250 1345 1331; x_wconf 87' lang='grc' dir='ltr'>Ἰνδική,</span> <span class='ocrx_word' id='word_1_94' title='bbox 1401 1251 1439 1327; x_wconf 91' lang='grc' dir='ltr'>ἣ</span> <span class='ocrx_word' id='word_1_95' title='bbox 1495 1250 1599 1313; x_wconf 84' lang='grc' dir='ltr'>καὶ</span> <span class='ocrx_word' id='word_1_96' title='bbox 1640 1250 1913 1314; x_wconf 88' lang='grc' dir='ltr'>Πάταλα</span> <span class='ocrx_word' id='word_1_97' title='bbox 1968 1250 2247 1330; x_wconf 86' lang='grc' dir='ltr'>λέγεται,</span> <span class='ocrx_word' id='word_1_98' title='bbox 2302 1250 2644 1331; x_wconf 87' lang='grc' dir='ltr'>Πετάλη,</span> <span class='ocrx_word' id='word_1_99' title='bbox 2692 1249 3079 1327; x_wconf 88' lang='grc' dir='ltr'>Μυρτάλη.</span> 
     </span>
     <span class='ocr_line' id='line_1_11' title="bbox 489 1348 3186 1432; baseline -0 -15"><span class='ocrx_word' id='word_1_100' title='bbox 489 1352 554 1416; x_wconf 92' lang='grc' dir='ltr'>Ἀ</span> <span class='ocrx_word' id='word_1_101' title='bbox 569 1353 977 1432; x_wconf 87' lang='grc' dir='ltr'>ρβουκάλη</span> <span class='ocrx_word' id='word_1_102' title='bbox 1022 1352 1208 1416; x_wconf 86' lang='grc' dir='ltr'>πόλις</span> <span class='ocrx_word' id='word_1_103' title='bbox 1254 1351 1500 1430; x_wconf 87' lang='grc' dir='ltr'>μεγίςτη</span> <span class='ocrx_word' id='word_1_104' title='bbox 1544 1355 1675 1415; x_wconf 84' lang='grc' dir='ltr'>τῶν</span> <span class='ocrx_word' id='word_1_105' title='bbox 1722 1351 1906 1415; x_wconf 83' lang='grc' dir='ltr'>ἐντὸς</span> <span class='ocrx_word' id='word_1_106' title='bbox 1934 1351 2181 1429; x_wconf 87' lang='grc' dir='ltr'>Ἴβηρος</span> <span class='ocrx_word' id='word_1_107' title='bbox 2211 1355 2535 1431; x_wconf 85' lang='grc' dir='ltr'>ποταμοῦ,</span> <span class='ocrx_word' id='word_1_108' title='bbox 2581 1352 2659 1427; x_wconf 88' lang='grc' dir='ltr'>ἣν</span> <span class='ocrx_word' id='word_1_109' title='bbox 2701 1351 2880 1430; x_wconf 89' lang='grc' dir='ltr'>μόλις</span> <span class='ocrx_word' id='word_1_110' title='bbox 2910 1348 3081 1416; x_wconf 85' lang='grc' dir='ltr'>εἷλεν</span> <span class='ocrx_word' id='word_1_111' title='bbox 3123 1357 3186 1407; x_wconf 82' lang='lat'>10</span> 
     </span>
     <span class='ocr_line' id='line_1_12' title="bbox 492 1451 3080 1535; baseline -0.001 -17"><span class='ocrx_word' id='word_1_112' title='bbox 492 1455 808 1535; x_wconf 85' lang='grc' dir='ltr'>Ἀννίβας,</span> <span class='ocrx_word' id='word_1_113' title='bbox 856 1453 948 1517; x_wconf 84' lang='grc' dir='ltr'>ὡς</span> <span class='ocrx_word' id='word_1_114' title='bbox 976 1453 1302 1534; x_wconf 87' lang='grc' dir='ltr'>Πολύβιος</span> <span class='ocrx_word' id='word_1_115' title='bbox 1332 1454 1522 1535; x_wconf 87' lang='grc' dir='ltr'>τρίτῃ.</span> <span class='ocrx_word' id='word_1_116' title='bbox 1587 1451 2004 1534; x_wconf 80' lang='grc' dir='ltr'>(φενδάλη</span> <span class='ocrx_word' id='word_1_117' title='bbox 2051 1456 2249 1531; x_wconf 91' lang='grc' dir='ltr'>δῆμος</span> <span class='ocrx_word' id='word_1_118' title='bbox 2279 1452 2814 1517; x_wconf 87' lang='grc' dir='ltr'>Ἱπποθοωντίδος</span> <span class='ocrx_word' id='word_1_119' title='bbox 2854 1455 3080 1532; x_wconf 88' lang='grc' dir='ltr'>φυλῆς.</span> 
     </span>
     <span class='ocr_line' id='line_1_13' title="bbox 491 1553 3080 1646; baseline -0.001 -26"><span class='ocrx_word' id='word_1_120' title='bbox 491 1555 820 1633; x_wconf 87' lang='grc' dir='ltr'>Μεγάλη</span> <span class='ocrx_word' id='word_1_121' title='bbox 882 1558 1072 1632; x_wconf 88' lang='grc' dir='ltr'>νῆςος</span> <span class='ocrx_word' id='word_1_122' title='bbox 1126 1554 1317 1630; x_wconf 85' lang='grc' dir='ltr'>ἐγγὺς</span> <span class='ocrx_word' id='word_1_123' title='bbox 1361 1554 1587 1618; x_wconf 85' lang='grc' dir='ltr'>Λυκίας</span> <span class='ocrx_word' id='word_1_124' title='bbox 1632 1555 1732 1618; x_wconf 86' lang='grc' dir='ltr'>καὶ</span> <span class='ocrx_word' id='word_1_125' title='bbox 1778 1553 2127 1631; x_wconf 87' lang='grc' dir='ltr'>Θεττάλη</span> <span class='ocrx_word' id='word_1_126' title='bbox 2186 1557 2393 1632; x_wconf 88' lang='grc' dir='ltr'>δρᾶμα</span> <span class='ocrx_word' id='word_1_127' title='bbox 2439 1553 2826 1632; x_wconf 79' lang='grc' dir='ltr'>Μενάνδρου</span> <span class='ocrx_word' id='word_1_128' title='bbox 2893 1555 3080 1646; x_wconf 63' lang='grc' dir='ltr'>βαρύ-</span> 
     </span>
     <span class='ocr_line' id='line_1_14' title="bbox 490 1655 3081 1735; baseline -0.001 -14"><span class='ocrx_word' id='word_1_129' title='bbox 490 1677 663 1722; x_wconf 88' lang='grc' dir='ltr'>νεται</span> <span class='ocrx_word' id='word_1_130' title='bbox 708 1657 883 1734; x_wconf 89' lang='grc' dir='ltr'>παρὰ</span> <span class='ocrx_word' id='word_1_131' title='bbox 930 1656 1229 1720; x_wconf 80' lang='grc' dir='ltr'>Ἀττικοῖς</span> <span class='ocrx_word' id='word_1_132' title='bbox 1275 1655 1362 1719; x_wconf 83' lang='grc' dir='ltr'>εἰς</span> <span class='ocrx_word' id='word_1_133' title='bbox 1407 1656 1687 1735; x_wconf 84' lang='grc' dir='ltr'>ἰδιότητα</span> <span class='ocrx_word' id='word_1_134' title='bbox 1730 1657 1929 1720; x_wconf 86' lang='grc' dir='ltr'>τεθέν.</span> <span class='ocrx_word' id='word_1_135' title='bbox 2020 1657 2418 1734; x_wconf 86' lang='grc' dir='ltr'>ςεςημείωται</span> <span class='ocrx_word' id='word_1_136' title='bbox 2475 1655 2601 1735; x_wconf 82' lang='grc' dir='ltr'>ἄρα</span> <span class='ocrx_word' id='word_1_137' title='bbox 2654 1656 2729 1719; x_wconf 89' lang='grc' dir='ltr'>τὸ</span> <span class='ocrx_word' id='word_1_138' title='bbox 2774 1656 3081 1734; x_wconf 85' lang='grc' dir='ltr'>κεφαλή</span> 
     </span>
     <span class='ocr_line' id='line_1_15' title="bbox 492 1756 3083 1837; baseline 0 -18"><span class='ocrx_word' id='word_1_139' title='bbox 492 1757 887 1835; x_wconf 84' lang='grc' dir='ltr'>όξυνόμενον</span> <span class='ocrx_word' id='word_1_140' title='bbox 932 1758 1038 1820; x_wconf 82' lang='grc' dir='ltr'>ἐπὶ</span> <span class='ocrx_word' id='word_1_141' title='bbox 1082 1761 1199 1821; x_wconf 92' lang='grc' dir='ltr'>τοῦ</span> <span class='ocrx_word' id='word_1_142' title='bbox 1244 1761 1503 1835; x_wconf 89' lang='grc' dir='ltr'>μερικοῦ</span> <span class='ocrx_word' id='word_1_143' title='bbox 1558 1756 1683 1821; x_wconf 84' lang='grc' dir='ltr'>εἴτε</span> <span class='ocrx_word' id='word_1_144' title='bbox 1730 1758 1836 1821; x_wconf 81' lang='grc' dir='ltr'>ἐπὶ</span> <span class='ocrx_word' id='word_1_145' title='bbox 1891 1760 2009 1820; x_wconf 91' lang='grc' dir='ltr'>τοῦ</span> <span class='ocrx_word' id='word_1_146' title='bbox 2052 1757 2290 1834; x_wconf 88' lang='grc' dir='ltr'>κυρίου.</span> <span class='ocrx_word' id='word_1_147' title='bbox 2380 1756 2505 1821; x_wconf 84' lang='grc' dir='ltr'>ἔςτι</span> <span class='ocrx_word' id='word_1_148' title='bbox 2551 1759 2621 1821; x_wconf 84' lang='grc' dir='ltr'>δὲ</span> <span class='ocrx_word' id='word_1_149' title='bbox 2668 1761 2884 1837; x_wconf 91' lang='grc' dir='ltr'>δῆμος.</span> <span class='ocrx_word' id='word_1_150' title='bbox 2972 1757 3083 1821; x_wconf 86' lang='grc' dir='ltr'>εἰςὶ</span> 
     </span>
     <span class='ocr_line' id='line_1_16' title="bbox 492 1858 3183 1937; baseline -0 -15"><span class='ocrx_word' id='word_1_151' title='bbox 492 1861 561 1922; x_wconf 80' lang='grc' dir='ltr'>δὲ</span> <span class='ocrx_word' id='word_1_152' title='bbox 607 1859 707 1922; x_wconf 82' lang='grc' dir='ltr'>καὶ</span> <span class='ocrx_word' id='word_1_153' title='bbox 753 1859 919 1923; x_wconf 90' lang='grc' dir='ltr'>Βοὸς</span> <span class='ocrx_word' id='word_1_154' title='bbox 963 1860 1235 1937; x_wconf 87' lang='grc' dir='ltr'>κεφαλαί</span> <span class='ocrx_word' id='word_1_155' title='bbox 1292 1858 1494 1922; x_wconf 91' lang='grc' dir='ltr'>τόπος</span> <span class='ocrx_word' id='word_1_156' title='bbox 1548 1860 1692 1923; x_wconf 81' lang='grc' dir='ltr'>καθ’</span> <span class='ocrx_word' id='word_1_157' title='bbox 1749 1859 1827 1922; x_wconf 88' lang='grc' dir='ltr'>ὃν</span> <span class='ocrx_word' id='word_1_158' title='bbox 1885 1858 2233 1937; x_wconf 83' lang='grc' dir='ltr'>ἑπολέμηςε</span> <span class='ocrx_word' id='word_1_159' title='bbox 2279 1858 2600 1936; x_wconf 89' lang='grc' dir='ltr'>Προυςίας</span> <span class='ocrx_word' id='word_1_160' title='bbox 2654 1860 2818 1935; x_wconf 87' lang='grc' dir='ltr'>πρὸς</span> <span class='ocrx_word' id='word_1_161' title='bbox 2861 1859 3081 1922; x_wconf 86' lang='grc' dir='ltr'>Ἄττα-</span> <span class='ocrx_word' id='word_1_162' title='bbox 3125 1866 3183 1915; x_wconf 82' lang='lat'>15</span> 
     </span>
     <span class='ocr_line' id='line_1_17' title="bbox 492 1958 3081 2050; baseline 0 -26"><span class='ocrx_word' id='word_1_163' title='bbox 492 1964 644 2041; x_wconf 89' lang='grc' dir='ltr'>λον,</span> <span class='ocrx_word' id='word_1_164' title='bbox 693 1961 783 2024; x_wconf 79' lang='grc' dir='ltr'>ὡς</span> <span class='ocrx_word' id='word_1_165' title='bbox 816 1959 1262 2037; x_wconf 75' lang='grc' dir='ltr'>Ἐρατοςθένης</span> <span class='ocrx_word' id='word_1_166' title='bbox 1307 1959 1377 2023; x_wconf 86' lang='grc' dir='ltr'>ἐν</span> <span class='ocrx_word' id='word_1_167' title='bbox 1423 1960 1658 2043; x_wconf 87' lang='grc' dir='ltr'>ἑβδόμῃ</span> <span class='ocrx_word' id='word_1_168' title='bbox 1705 1960 2079 2050; x_wconf 77' lang='grc' dir='ltr'>Γαλατικῶν.</span> <span class='ocrx_word' id='word_1_169' title='bbox 2142 1961 2218 2023; x_wconf 87' lang='grc' dir='ltr'>τὸ</span> <span class='ocrx_word' id='word_1_170' title='bbox 2263 1960 2385 2038; x_wconf 90' lang='grc' dir='ltr'>γὰρ</span> <span class='ocrx_word' id='word_1_171' title='bbox 2430 1958 2677 2036; x_wconf 88' lang='grc' dir='ltr'>ἀλαλή</span> <span class='ocrx_word' id='word_1_172' title='bbox 2723 1960 2761 2023; x_wconf 85' lang='grc' dir='ltr'>ὁ</span> <span class='ocrx_word' id='word_1_173' title='bbox 2806 1960 3081 2040; x_wconf 86' lang='grc' dir='ltr'>θόρυβος</span> 
     </span>
     <span class='ocr_line' id='line_1_18' title="bbox 488 2059 3078 2141; baseline 0 -17"><span class='ocrx_word' id='word_1_174' title='bbox 488 2062 661 2139; x_wconf 84' lang='grc' dir='ltr'>παρὰ</span> <span class='ocrx_word' id='word_1_175' title='bbox 704 2062 779 2125; x_wconf 88' lang='grc' dir='ltr'>τὸ</span> <span class='ocrx_word' id='word_1_176' title='bbox 827 2063 1001 2124; x_wconf 86' lang='grc' dir='ltr'>λαλῶ</span> <span class='ocrx_word' id='word_1_177' title='bbox 1048 2060 1130 2123; x_wconf 85' lang='grc' dir='ltr'>οὐ</span> <span class='ocrx_word' id='word_1_178' title='bbox 1174 2061 1358 2141; x_wconf 89' lang='grc' dir='ltr'>φύςει</span> <span class='ocrx_word' id='word_1_179' title='bbox 1399 2061 1819 2140; x_wconf 89' lang='grc' dir='ltr'>τριςύλλαβον</span> <span class='ocrx_word' id='word_1_180' title='bbox 1871 2061 2101 2125; x_wconf 81' lang='grc' dir='ltr'>«κλῦθ’</span> <span class='ocrx_word' id='word_1_181' title='bbox 2131 2059 2370 2141; x_wconf 85' lang='grc' dir='ltr'>ἀλαλά,</span> <span class='ocrx_word' id='word_1_182' title='bbox 2416 2061 2707 2139; x_wconf 85' lang='grc' dir='ltr'>πολέμου</span> <span class='ocrx_word' id='word_1_183' title='bbox 2739 2063 3078 2141; x_wconf 77' lang='grc' dir='ltr'>θυγάτηρ».</span> 
     </span>
     <span class='ocr_line' id='line_1_19' title="bbox 486 2162 3077 2244; baseline 0 -18"><span class='ocrx_word' id='word_1_184' title='bbox 486 2164 560 2226; x_wconf 91' lang='grc' dir='ltr'>τὸ</span> <span class='ocrx_word' id='word_1_185' title='bbox 607 2164 677 2226; x_wconf 80' lang='grc' dir='ltr'>δὲ</span> <span class='ocrx_word' id='word_1_186' title='bbox 724 2164 1024 2241; x_wconf 86' lang='grc' dir='ltr'>μυγαλῆ</span> <span class='ocrx_word' id='word_1_187' title='bbox 1070 2166 1476 2244; x_wconf 86' lang='grc' dir='ltr'>περιςπᾶται,</span> <span class='ocrx_word' id='word_1_188' title='bbox 1532 2162 1670 2226; x_wconf 86' lang='grc' dir='ltr'>ἐπεὶ</span> <span class='ocrx_word' id='word_1_189' title='bbox 1714 2164 1889 2241; x_wconf 86' lang='grc' dir='ltr'>παρὰ</span> <span class='ocrx_word' id='word_1_190' title='bbox 1932 2163 2007 2226; x_wconf 88' lang='grc' dir='ltr'>τὸ</span> <span class='ocrx_word' id='word_1_191' title='bbox 2051 2165 2217 2239; x_wconf 87' lang='grc' dir='ltr'>γαλῆ</span> <span class='ocrx_word' id='word_1_192' title='bbox 2263 2162 2644 2227; x_wconf 82' lang='grc' dir='ltr'>ςυντέθειται</span> <span class='ocrx_word' id='word_1_193' title='bbox 2703 2166 3077 2241; x_wconf 90' lang='grc' dir='ltr'>ςυναληλιμ-</span> 
     </span>
     <span class='ocr_line' id='line_1_20' title="bbox 489 2263 3082 2347; baseline 0 -21"><span class='ocrx_word' id='word_1_194' title='bbox 489 2265 686 2343; x_wconf 85' lang='grc' dir='ltr'>μὲνον</span> <span class='ocrx_word' id='word_1_195' title='bbox 732 2265 836 2327; x_wconf 91' lang='grc' dir='ltr'>καὶ</span> <span class='ocrx_word' id='word_1_196' title='bbox 878 2264 1382 2343; x_wconf 85' lang='grc' dir='ltr'>περιςπώμενον.</span> <span class='ocrx_word' id='word_1_197' title='bbox 1461 2264 1753 2341; x_wconf 86' lang='grc' dir='ltr'>κέχρηται</span> <span class='ocrx_word' id='word_1_198' title='bbox 1800 2265 1873 2327; x_wconf 83' lang='grc' dir='ltr'>δὲ</span> <span class='ocrx_word' id='word_1_199' title='bbox 1917 2269 2010 2347; x_wconf 84' lang='grc' dir='ltr'>τῷ</span> <span class='ocrx_word' id='word_1_200' title='bbox 2055 2263 2320 2340; x_wconf 86' lang='grc' dir='ltr'>ὀνόματι</span> <span class='ocrx_word' id='word_1_201' title='bbox 2370 2264 2822 2343; x_wconf 86' lang='grc' dir='ltr'>Κηφιςόδωρος</span> <span class='ocrx_word' id='word_1_202' title='bbox 2864 2263 2935 2328; x_wconf 84' lang='grc' dir='ltr'>ἐν</span> <span class='ocrx_word' id='word_1_203' title='bbox 2980 2264 3082 2327; x_wconf 82' lang='grc' dir='ltr'><strong>Ὑῖ</strong></span> 
     </span>
     <span class='ocr_line' id='line_1_21' title="bbox 1008 2365 3183 2444; baseline -0.002 -15"><span class='ocrx_word' id='word_1_204' title='bbox 1008 2418 1019 2430; x_wconf 93' lang='grc'>.</span> <span class='ocrx_word' id='word_1_205' title='bbox 1061 2365 1114 2428; x_wconf 83' lang='grc' dir='ltr'>ὦ</span> <span class='ocrx_word' id='word_1_206' title='bbox 1157 2367 1261 2429; x_wconf 89' lang='grc' dir='ltr'>καὶ</span> <span class='ocrx_word' id='word_1_207' title='bbox 1306 2366 1472 2429; x_wconf 87' lang='grc' dir='ltr'>λέων</span> <span class='ocrx_word' id='word_1_208' title='bbox 1517 2367 1619 2429; x_wconf 86' lang='grc' dir='ltr'>καὶ</span> <span class='ocrx_word' id='word_1_209' title='bbox 1662 2368 1910 2444; x_wconf 86' lang='grc' dir='ltr'>μυγαλῆ</span> <span class='ocrx_word' id='word_1_210' title='bbox 1957 2366 2059 2428; x_wconf 86' lang='grc' dir='ltr'>καὶ</span> <span class='ocrx_word' id='word_1_211' title='bbox 2105 2365 2421 2443; x_wconf 87' lang='grc' dir='ltr'>ςκορπίος.</span> <span class='ocrx_word' id='word_1_212' title='bbox 2573 2413 2578 2418; x_wconf 90' lang='grc'>.</span> <span class='ocrx_word' id='word_1_213' title='bbox 3115 2375 3183 2424; x_wconf 79' lang='lat'>‘20</span> 
     </span>
     <span class='ocr_line' id='line_1_22' title="bbox 488 2465 3078 2546; baseline 0 -16"><span class='ocrx_word' id='word_1_214' title='bbox 488 2469 561 2531; x_wconf 87' lang='grc' dir='ltr'>τὸ</span> <span class='ocrx_word' id='word_1_215' title='bbox 622 2469 692 2531; x_wconf 80' lang='grc' dir='ltr'>δὲ</span> <span class='ocrx_word' id='word_1_216' title='bbox 749 2467 1159 2546; x_wconf 81' lang='grc' dir='ltr'>ἀμυγδαλῆ</span> <span class='ocrx_word' id='word_1_217' title='bbox 1216 2467 1284 2530; x_wconf 82' lang='grc' dir='ltr'>ἐκ</span> <span class='ocrx_word' id='word_1_218' title='bbox 1340 2468 1767 2545; x_wconf 82' lang='grc' dir='ltr'>ςυναιρέςεως.</span> <span class='ocrx_word' id='word_1_219' title='bbox 1859 2466 2088 2544; x_wconf 86' lang='grc' dir='ltr'>ἐκλήθη</span> <span class='ocrx_word' id='word_1_220' title='bbox 2146 2467 2216 2529; x_wconf 82' lang='grc' dir='ltr'>δὲ</span> <span class='ocrx_word' id='word_1_221' title='bbox 2273 2465 2602 2544; x_wconf 88' lang='grc' dir='ltr'>ἀμυγδαλῆ</span> <span class='ocrx_word' id='word_1_222' title='bbox 2659 2467 2833 2545; x_wconf 86' lang='grc' dir='ltr'>παρὰ</span> <span class='ocrx_word' id='word_1_223' title='bbox 2887 2467 2963 2530; x_wconf 88' lang='grc' dir='ltr'>τὸ</span> <span class='ocrx_word' id='word_1_224' title='bbox 3008 2467 3078 2531; x_wconf 87' lang='grc' dir='ltr'>έν</span> 
     </span>
     <span class='ocr_line' id='line_1_23' title="bbox 494 2567 3081 2651; baseline 0 -19"><span class='ocrx_word' id='word_1_225' title='bbox 494 2576 585 2651; x_wconf 81' lang='grc' dir='ltr'>τῷ</span> <span class='ocrx_word' id='word_1_226' title='bbox 642 2570 796 2645; x_wconf 89' lang='grc' dir='ltr'>μετὰ</span> <span class='ocrx_word' id='word_1_227' title='bbox 863 2569 938 2631; x_wconf 89' lang='grc' dir='ltr'>τὸ</span> <span class='ocrx_word' id='word_1_228' title='bbox 994 2569 1250 2647; x_wconf 88' lang='grc' dir='ltr'>χλωρὸν</span> <span class='ocrx_word' id='word_1_229' title='bbox 1320 2569 1591 2647; x_wconf 78' lang='grc' dir='ltr'>ὡςπερεὶ</span> <span class='ocrx_word' id='word_1_230' title='bbox 1648 2567 1894 2647; x_wconf 84' lang='grc' dir='ltr'>ἀμυχὰς</span> <span class='ocrx_word' id='word_1_231' title='bbox 1967 2568 2137 2645; x_wconf 83' lang='grc' dir='ltr'>ἔχειν</span> <span class='ocrx_word' id='word_1_232' title='bbox 2193 2567 2458 2631; x_wconf 85' lang='grc' dir='ltr'>πολλάς.</span> <span class='ocrx_word' id='word_1_233' title='bbox 2557 2568 2657 2631; x_wconf 84' lang='grc' dir='ltr'>καὶ</span> <span class='ocrx_word' id='word_1_234' title='bbox 2725 2567 3081 2646; x_wconf 86' lang='grc' dir='ltr'>οὐδετέρως</span> 
     </span>
     <span class='ocr_line' id='line_1_24' title="bbox 490 2667 3079 2750; baseline 0.001 -19"><span class='ocrx_word' id='word_1_235' title='bbox 490 2669 863 2748; x_wconf 87' lang='grc' dir='ltr'>ἀμύγδαλον</span> <span class='ocrx_word' id='word_1_236' title='bbox 912 2670 1174 2744; x_wconf 86' lang='grc' dir='ltr'>λέγεται.</span> <span class='ocrx_word' id='word_1_237' title='bbox 1212 2670 1502 2748; x_wconf 86' lang='grc' dir='ltr'>Δίφιλος</span> <span class='ocrx_word' id='word_1_238' title='bbox 1550 2671 1944 2750; x_wconf 79' lang='grc' dir='ltr'>«τρωγάλια,</span> <span class='ocrx_word' id='word_1_239' title='bbox 1991 2667 2308 2750; x_wconf 90' lang='grc' dir='ltr'>μυρτίδες,</span> <span class='ocrx_word' id='word_1_240' title='bbox 2341 2672 2655 2750; x_wconf 90' lang='grc' dir='ltr'>πλακοῦς,</span> <span class='ocrx_word' id='word_1_241' title='bbox 2686 2669 3079 2747; x_wconf 74' lang='grc' dir='ltr'>ἀμύγδαλα».</span> 
     </span>
     <span class='ocr_line' id='line_1_25' title="bbox 489 2769 3082 2851; baseline 0 -17"><span class='ocrx_word' id='word_1_242' title='bbox 489 2770 651 2849; x_wconf 88' lang='grc' dir='ltr'>Περὶ</span> <span class='ocrx_word' id='word_1_243' title='bbox 697 2771 767 2835; x_wconf 78' lang='grc' dir='ltr'>δὲ</span> <span class='ocrx_word' id='word_1_244' title='bbox 820 2775 934 2848; x_wconf 90' lang='grc' dir='ltr'>τῆς</span> <span class='ocrx_word' id='word_1_245' title='bbox 978 2775 1319 2851; x_wconf 85' lang='grc' dir='ltr'>προφορᾶς</span> <span class='ocrx_word' id='word_1_246' title='bbox 1362 2776 1479 2835; x_wconf 90' lang='grc' dir='ltr'>τοῦ</span> <span class='ocrx_word' id='word_1_247' title='bbox 1534 2772 1731 2836; x_wconf 92' lang='grc' dir='ltr'>τόνου</span> <span class='ocrx_word' id='word_1_248' title='bbox 1786 2776 1897 2848; x_wconf 91' lang='grc' dir='ltr'>τῆς</span> <span class='ocrx_word' id='word_1_249' title='bbox 1951 2769 2318 2849; x_wconf 80' lang='grc' dir='ltr'>ἀμυγδαλῆ(</span> <span class='ocrx_word' id='word_1_250' title='bbox 2360 2770 2705 2850; x_wconf 86' lang='grc' dir='ltr'>Πάμφιλος</span> <span class='ocrx_word' id='word_1_251' title='bbox 2757 2773 2870 2850; x_wconf 80' lang='grc' dir='ltr'>μὲν</span> <span class='ocrx_word' id='word_1_252' title='bbox 2915 2770 3082 2838; x_wconf 83' lang='grc' dir='ltr'>ἀξιοῖ</span> 
     </span>
     <span class='ocr_line' id='line_1_26' title="bbox 490 2872 3180 2956; baseline 0.001 -21"><span class='ocrx_word' id='word_1_253' title='bbox 490 2872 595 2936; x_wconf 85' lang='grc' dir='ltr'>ἐπὶ</span> <span class='ocrx_word' id='word_1_254' title='bbox 646 2876 763 2936; x_wconf 90' lang='grc' dir='ltr'>τοῦ</span> <span class='ocrx_word' id='word_1_255' title='bbox 820 2873 1420 2953; x_wconf 80' lang='grc' dir='ltr'>καρποῦβαρύνειν</span> <span class='ocrx_word' id='word_1_256' title='bbox 1478 2872 1715 2952; x_wconf 85' lang='grc' dir='ltr'>ὁμοίως</span> <span class='ocrx_word' id='word_1_257' title='bbox 1791 2880 1884 2956; x_wconf 83' lang='grc' dir='ltr'>τῷ</span> <span class='ocrx_word' id='word_1_258' title='bbox 1940 2872 2321 2955; x_wconf 83' lang='grc' dir='ltr'>ἀμυγδάλῳ,</span> <span class='ocrx_word' id='word_1_259' title='bbox 2384 2873 2459 2935; x_wconf 87' lang='grc' dir='ltr'>τὸ</span> <span class='ocrx_word' id='word_1_260' title='bbox 2524 2873 2741 2950; x_wconf 84' lang='grc' dir='ltr'>μέντοι</span> <span class='ocrx_word' id='word_1_261' title='bbox 2805 2875 3079 2953; x_wconf 84' lang='grc' dir='ltr'>δένδρον</span> <span class='ocrx_word' id='word_1_262' title='bbox 3115 2882 3180 2930; x_wconf 79' lang='grc'>25</span> 
     </span>
     <span class='ocr_line' id='line_1_27' title="bbox 489 2973 3079 3063; baseline 0 -26"><span class='ocrx_word' id='word_1_263' title='bbox 489 2975 655 3038; x_wconf 87' lang='grc' dir='ltr'>θέλει</span> <span class='ocrx_word' id='word_1_264' title='bbox 701 2977 1042 3057; x_wconf 85' lang='grc' dir='ltr'>περιςπᾶν,</span> <span class='ocrx_word' id='word_1_265' title='bbox 1104 2975 1435 3053; x_wconf 90' lang='grc' dir='ltr'>ἀμυγδαλῆ</span> <span class='ocrx_word' id='word_1_266' title='bbox 1491 2976 1593 3038; x_wconf 86' lang='grc' dir='ltr'>καὶ</span> <span class='ocrx_word' id='word_1_267' title='bbox 1639 2974 1824 3063; x_wconf 60' lang='grc' dir='ltr'>ῥοδῆἑ</span> <span class='ocrx_word' id='word_1_268' title='bbox 1906 2976 2008 3037; x_wconf 86' lang='grc' dir='ltr'>καὶ</span> <span class='ocrx_word' id='word_1_269' title='bbox 2051 2974 2421 3051; x_wconf 88' lang='grc' dir='ltr'>Ἀρχίλοχος</span> <span class='ocrx_word' id='word_1_270' title='bbox 2477 2973 2713 3052; x_wconf 82' lang='grc' dir='ltr'>«ῥοδῆς</span> <span class='ocrx_word' id='word_1_271' title='bbox 2766 2994 2833 3038; x_wconf 89' lang='grc' dir='ltr'>τε</span> <span class='ocrx_word' id='word_1_272' title='bbox 2879 2976 3079 3038; x_wconf 87' lang='grc' dir='ltr'>καλὸν</span> 
     </span>
     <span class='ocr_line' id='line_1_28' title="bbox 488 3074 3079 3154; baseline 0 -15"><span class='ocrx_word' id='word_1_273' title='bbox 488 3075 745 3141; x_wconf 72' lang='grc' dir='ltr'>ἄνθος».</span> <span class='ocrx_word' id='word_1_274' title='bbox 833 3075 1233 3153; x_wconf 89' lang='grc' dir='ltr'>Ἀρίςταρχος</span> <span class='ocrx_word' id='word_1_275' title='bbox 1290 3076 1361 3139; x_wconf 81' lang='grc' dir='ltr'>δὲ</span> <span class='ocrx_word' id='word_1_276' title='bbox 1416 3074 1518 3139; x_wconf 87' lang='grc' dir='ltr'>καὶ</span> <span class='ocrx_word' id='word_1_277' title='bbox 1572 3077 1688 3140; x_wconf 87' lang='grc' dir='ltr'>τὸν</span> <span class='ocrx_word' id='word_1_278' title='bbox 1732 3077 1981 3154; x_wconf 87' lang='grc' dir='ltr'>καρπὸν</span> <span class='ocrx_word' id='word_1_279' title='bbox 2027 3076 2128 3138; x_wconf 83' lang='grc' dir='ltr'>καὶ</span> <span class='ocrx_word' id='word_1_280' title='bbox 2180 3075 2255 3139; x_wconf 88' lang='grc' dir='ltr'>τὸ</span> <span class='ocrx_word' id='word_1_281' title='bbox 2314 3075 2587 3153; x_wconf 80' lang='grc' dir='ltr'>δένδρον</span> <span class='ocrx_word' id='word_1_282' title='bbox 2640 3075 2877 3153; x_wconf 86' lang='grc' dir='ltr'>ὁμοίως</span> <span class='ocrx_word' id='word_1_283' title='bbox 2921 3096 3079 3154; x_wconf 87' lang='grc' dir='ltr'>προ-</span> 
     </span>
     <span class='ocr_line' id='line_1_29' title="bbox 490 3175 3078 3260; baseline 0 -20"><span class='ocrx_word' id='word_1_284' title='bbox 490 3178 751 3256; x_wconf 87' lang='grc' dir='ltr'>φέρεται</span> <span class='ocrx_word' id='word_1_285' title='bbox 796 3176 940 3240; x_wconf 75' lang='grc' dir='ltr'>κατ&gt;</span> <span class='ocrx_word' id='word_1_286' title='bbox 984 3176 1198 3242; x_wconf 86' lang='grc' dir='ltr'>ὀξεῖαν</span> <span class='ocrx_word' id='word_1_287' title='bbox 1244 3177 1436 3240; x_wconf 88' lang='grc' dir='ltr'>τάςιν.</span> <span class='ocrx_word' id='word_1_288' title='bbox 1522 3177 1870 3244; x_wconf 87' lang='grc' dir='ltr'>Φιλόξενος</span> <span class='ocrx_word' id='word_1_289' title='bbox 1916 3176 1982 3240; x_wconf 78' lang='grc' dir='ltr'>δ’</span> <span class='ocrx_word' id='word_1_290' title='bbox 2028 3175 2399 3255; x_wconf 90' lang='grc' dir='ltr'>ἀμφότερον</span> <span class='ocrx_word' id='word_1_291' title='bbox 2447 3181 2732 3260; x_wconf 82' lang='grc' dir='ltr'>περιςπᾷ.</span> <span class='ocrx_word' id='word_1_292' title='bbox 2807 3178 3078 3241; x_wconf 85' lang='grc' dir='ltr'>Εὔπολις</span> 
     </span>
     <span class='ocr_line' id='line_1_30' title="bbox 492 3277 1865 3358; baseline 0 -17"><span class='ocrx_word' id='word_1_293' title='bbox 492 3277 800 3342; x_wconf 85' lang='grc' dir='ltr'>«ἀπολεῖς</span> <span class='ocrx_word' id='word_1_294' title='bbox 844 3298 950 3358; x_wconf 86' lang='grc' dir='ltr'>με,</span> <span class='ocrx_word' id='word_1_295' title='bbox 994 3278 1101 3341; x_wconf 75' lang='grc' dir='ltr'>ναὶ</span> <span class='ocrx_word' id='word_1_296' title='bbox 1143 3278 1228 3356; x_wconf 85' lang='grc' dir='ltr'>μὰ</span> <span class='ocrx_word' id='word_1_297' title='bbox 1272 3279 1386 3356; x_wconf 86' lang='grc' dir='ltr'>τὴν</span> <span class='ocrx_word' id='word_1_298' title='bbox 1433 3277 1865 3357; x_wconf 81' lang='grc' dir='ltr'>ἀμυγδαλῆν».</span> 
     </span>
     <span class='ocr_line' id='line_1_31' title="bbox 658 3378 3182 3461; baseline -0.002 -19"><span class='ocrx_word' id='word_1_299' title='bbox 658 3378 1141 3457; x_wconf 88' lang='grc' dir='ltr'>Ἀριςτοφάνης·</span> <span class='ocrx_word' id='word_1_300' title='bbox 1188 3378 1303 3454; x_wconf 81' lang='grc' dir='ltr'>ἄγε</span> <span class='ocrx_word' id='word_1_301' title='bbox 1334 3383 1497 3461; x_wconf 45' lang='grc' dir='ltr'>ινῦν,</span> <span class='ocrx_word' id='word_1_302' title='bbox 1543 3380 1654 3443; x_wconf 88' lang='grc' dir='ltr'>τὰς</span> <span class='ocrx_word' id='word_1_303' title='bbox 1697 3378 2065 3458; x_wconf 82' lang='grc' dir='ltr'>ἀμυγδαλᾶς</span> <span class='ocrx_word' id='word_1_304' title='bbox 2111 3382 2327 3460; x_wconf 85' lang='grc' dir='ltr'>λαβὼν</span> <span class='ocrx_word' id='word_1_305' title='bbox 3114 3389 3182 3438; x_wconf 83' lang='grc'>30</span> 
     </span>
     <span class='ocr_line' id='line_1_32' title="bbox 1191 3480 2634 3566; baseline 0.001 -23"><span class='ocrx_word' id='word_1_306' title='bbox 1191 3480 1400 3561; x_wconf 88' lang='grc' dir='ltr'>ταςδί,</span> <span class='ocrx_word' id='word_1_307' title='bbox 1446 3481 1719 3547; x_wconf 83' lang='grc' dir='ltr'>κάταξον</span> <span class='ocrx_word' id='word_1_308' title='bbox 1765 3488 1841 3566; x_wconf 87' lang='grc' dir='ltr'>τῇ</span> <span class='ocrx_word' id='word_1_309' title='bbox 1886 3484 2134 3564; x_wconf 84' lang='grc' dir='ltr'>κεφαλῇ</span> <span class='ocrx_word' id='word_1_310' title='bbox 2181 3484 2415 3545; x_wconf 83' lang='grc' dir='ltr'>εαυτοῦ</span> <span class='ocrx_word' id='word_1_311' title='bbox 2462 3481 2634 3565; x_wconf 84' lang='grc' dir='ltr'>λίθῳ.</span> 
     </span>
     <span class='ocr_line' id='line_1_33' title="bbox 660 3581 2646 3675; baseline 0 -30"><span class='ocrx_word' id='word_1_312' title='bbox 660 3581 1008 3675; x_wconf 78' lang='grc' dir='ltr'>Φρύνιχος·</span> <span class='ocrx_word' id='word_1_313' title='bbox 1195 3581 1557 3664; x_wconf 89' lang='grc' dir='ltr'>ἀμυγδαλῆ,</span> <span class='ocrx_word' id='word_1_314' title='bbox 1601 3585 1713 3660; x_wconf 89' lang='grc' dir='ltr'>τῆς</span> <span class='ocrx_word' id='word_1_315' title='bbox 1760 3585 1953 3663; x_wconf 88' lang='grc' dir='ltr'>βηχὸς</span> <span class='ocrx_word' id='word_1_316' title='bbox 1997 3581 2243 3657; x_wconf 89' lang='grc' dir='ltr'>ἀγαθὸν</span> <span class='ocrx_word' id='word_1_317' title='bbox 2289 3582 2646 3661; x_wconf 90' lang='grc' dir='ltr'>φάρμακον.</span> 
     </span>
    </p>
   </div>
   <div class='ocr_carea' id='block_1_3' title="bbox 490 3702 893 3710">
    <p class='ocr_par' dir='ltr' id='par_1_3' title="bbox 490 3702 893 3710">
     <span class='ocr_line' id='line_1_34' title="bbox 490 3702 893 3710; baseline 0 1836"><span class='ocrx_word' id='word_1_318' title='bbox 490 3702 893 3710; x_wconf 95' lang='lat' dir='ltr'> </span> 
     </span>
    </p>
   </div>
   <div class='ocr_carea' id='block_1_4' title="bbox 489 3766 3080 4781">
    <p class='ocr_par' dir='ltr' id='par_1_4' title="bbox 489 3766 3080 4781">
     <span class='ocr_line' id='line_1_35' title="bbox 492 3766 3078 3834; baseline -0.001 -13"><span class='ocrx_word' id='word_1_319' title='bbox 492 3768 722 3834; x_wconf 80' lang='grc' dir='ltr'>Αἰγιάλη</span> <span class='ocrx_word' id='word_1_320' title='bbox 760 3766 1024 3833; x_wconf 85' lang='grc' dir='ltr'>Ψυττάλη</span> <span class='ocrx_word' id='word_1_321' title='bbox 1063 3784 1125 3817; x_wconf 72' lang='lat' dir='ltr'>ox</span> <span class='ocrx_word' id='word_1_322' title='bbox 1164 3770 1243 3818; x_wconf 76' lang='lat' dir='ltr'>St.</span> <span class='ocrx_word' id='word_1_323' title='bbox 1280 3770 1371 3830; x_wconf 89' lang='lat' dir='ltr'>B.‚</span> <span class='ocrx_word' id='word_1_324' title='bbox 1409 3766 1648 3834; x_wconf 86' lang='grc' dir='ltr'>Μυκάλη</span> <span class='ocrx_word' id='word_1_325' title='bbox 1695 3786 1761 3819; x_wconf 80' lang='lat' dir='ltr'>ex</span> <span class='ocrx_word' id='word_1_326' title='bbox 1800 3770 1882 3820; x_wconf 81' lang='lat' dir='ltr'>St.</span> <span class='ocrx_word' id='word_1_327' title='bbox 1922 3770 1983 3820; x_wconf 83' lang='grc' dir='ltr'>Β.</span> <span class='ocrx_word' id='word_1_328' title='bbox 2023 3775 2081 3819; x_wconf 82' lang='lat' dir='ltr'>et</span> <span class='ocrx_word' id='word_1_329' title='bbox 2117 3770 2288 3829; x_wconf 64' lang='lat' dir='ltr'>Mon„</span> <span class='ocrx_word' id='word_1_330' title='bbox 2336 3767 2575 3833; x_wconf 85' lang='grc' dir='ltr'>Πατάλη</span> <span class='ocrx_word' id='word_1_331' title='bbox 2616 3786 2681 3819; x_wconf 83' lang='lat' dir='ltr'>ex</span> <span class='ocrx_word' id='word_1_332' title='bbox 2720 3768 2799 3819; x_wconf 76' lang='lat' dir='ltr'>St.</span> <span class='ocrx_word' id='word_1_333' title='bbox 2835 3772 2932 3829; x_wconf 73' lang='lat' dir='ltr'>B..</span> <span class='ocrx_word' id='word_1_334' title='bbox 2968 3768 3078 3821; x_wconf 80' lang='grc' dir='ltr'>Πε·</span> 
     </span>
     <span class='ocr_line' id='line_1_36' title="bbox 490 3834 3078 3903; baseline 0.001 -16"><span class='ocrx_word' id='word_1_335' title='bbox 490 3835 634 3903; x_wconf 87' lang='grc' dir='ltr'>τάλη</span> <span class='ocrx_word' id='word_1_336' title='bbox 673 3846 731 3888; x_wconf 77' lang='lat' dir='ltr'>et</span> <span class='ocrx_word' id='word_1_337' title='bbox 767 3835 1042 3901; x_wconf 81' lang='grc' dir='ltr'>Μυρτάλη</span> <span class='ocrx_word' id='word_1_338' title='bbox 1090 3837 1431 3886; x_wconf 77' lang='lat' dir='ltr'>meretricum</span> <span class='ocrx_word' id='word_1_339' title='bbox 1470 3838 1689 3887; x_wconf 80' lang='lat' dir='ltr'>nomina</span> <span class='ocrx_word' id='word_1_340' title='bbox 1727 3855 1791 3887; x_wconf 78' lang='lat' dir='ltr'>ex</span> <span class='ocrx_word' id='word_1_341' title='bbox 1830 3839 1995 3900; x_wconf 66' lang='lat' dir='ltr'>Mon„</span> <span class='ocrx_word' id='word_1_342' title='bbox 2037 3834 2380 3901; x_wconf 88' lang='grc' dir='ltr'>Ἀρβουκάλη</span> <span class='ocrx_word' id='word_1_343' title='bbox 2419 3865 2480 3871; x_wconf 80' lang='grc'>-</span> <span class='ocrx_word' id='word_1_344' title='bbox 2520 3836 2777 3902; x_wconf 85' lang='grc' dir='ltr'>Θεττάλη</span> <span class='ocrx_word' id='word_1_345' title='bbox 2817 3853 2882 3886; x_wconf 80' lang='lat' dir='ltr'>ex</span> <span class='ocrx_word' id='word_1_346' title='bbox 2910 3838 2990 3886; x_wconf 82' lang='lat' dir='ltr'>St.</span> <span class='ocrx_word' id='word_1_347' title='bbox 3019 3840 3078 3889; x_wconf 87' lang='lat' dir='ltr'>B.</span> 
     </span>
     <span class='ocr_line' id='line_1_37' title="bbox 490 3903 3078 3969; baseline -0.001 -14"><span class='ocrx_word' id='word_1_348' title='bbox 490 3933 553 3940; x_wconf 80' lang='lat'>—-</span> <span class='ocrx_word' id='word_1_349' title='bbox 602 3908 861 3956; x_wconf 82' lang='lat' dir='ltr'>Extrema</span> <span class='ocrx_word' id='word_1_350' title='bbox 915 3905 1141 3953; x_wconf 78' lang='lat' dir='ltr'>canonis</span> <span class='ocrx_word' id='word_1_351' title='bbox 1187 3906 1357 3954; x_wconf 79' lang='lat' dir='ltr'>verba</span> <span class='ocrx_word' id='word_1_352' title='bbox 1412 3920 1500 3969; x_wconf 80' lang='lat' dir='ltr'>ap.</span> <span class='ocrx_word' id='word_1_353' title='bbox 1547 3905 1743 3956; x_wconf 78' lang='lat' dir='ltr'><strong>Aread.</strong></span> <span class='ocrx_word' id='word_1_354' title='bbox 1791 3906 1926 3955; x_wconf 79' lang='lat' dir='ltr'><strong>haee</strong></span> <span class='ocrx_word' id='word_1_355' title='bbox 1970 3915 2121 3954; x_wconf 77' lang='lat' dir='ltr'>eunt:</span> <span class='ocrx_word' id='word_1_356' title='bbox 2177 3904 2245 3955; x_wconf 87' lang='grc' dir='ltr'>τὸ</span> <span class='ocrx_word' id='word_1_357' title='bbox 2300 3904 2360 3954; x_wconf 80' lang='grc' dir='ltr'>δὲ</span> <span class='ocrx_word' id='word_1_358' title='bbox 2407 3903 2627 3968; x_wconf 84' lang='grc' dir='ltr'>κεφαλή</span> <span class='ocrx_word' id='word_1_359' title='bbox 2673 3903 2953 3955; x_wconf 84' lang='grc' dir='ltr'>ὀξύνεται·</span> <span class='ocrx_word' id='word_1_360' title='bbox 3008 3904 3078 3954; x_wconf 84' lang='grc' dir='ltr'>τὸ</span> 
     </span>
     <span class='ocr_line' id='line_1_38' title="bbox 491 3970 3078 4038; baseline -0.002 -14"><span class='ocrx_word' id='word_1_361' title='bbox 491 3971 671 4037; x_wconf 83' lang='grc' dir='ltr'>ἀλαλή</span> <span class='ocrx_word' id='word_1_362' title='bbox 708 3973 740 4023; x_wconf 87' lang='grc' dir='ltr'>ό</span> <span class='ocrx_word' id='word_1_363' title='bbox 778 3971 1015 4037; x_wconf 89' lang='grc' dir='ltr'>θόρυβος</span> <span class='ocrx_word' id='word_1_364' title='bbox 1054 3971 1205 4035; x_wconf 84' lang='grc' dir='ltr'>παρὰ</span> <span class='ocrx_word' id='word_1_365' title='bbox 1239 3971 1309 4021; x_wconf 83' lang='grc' dir='ltr'>τὸ</span> <span class='ocrx_word' id='word_1_366' title='bbox 1347 3972 1519 4023; x_wconf 85' lang='grc' dir='ltr'>λαλῶ.</span> <span class='ocrx_word' id='word_1_367' title='bbox 1589 3970 1658 4023; x_wconf 84' lang='grc' dir='ltr'>τὸ</span> <span class='ocrx_word' id='word_1_368' title='bbox 1695 3971 1756 4024; x_wconf 80' lang='grc' dir='ltr'>δὲ</span> <span class='ocrx_word' id='word_1_369' title='bbox 1793 3970 2084 4038; x_wconf 83' lang='grc' dir='ltr'>ἀμυγδαλῆ</span> <span class='ocrx_word' id='word_1_370' title='bbox 2130 3971 2246 4023; x_wconf 84' lang='grc' dir='ltr'>ἀπὸ</span> <span class='ocrx_word' id='word_1_371' title='bbox 2293 3971 2672 4036; x_wconf 85' lang='grc' dir='ltr'>ςυναιρέςεῳς.</span> <span class='ocrx_word' id='word_1_372' title='bbox 2745 3974 2851 4021; x_wconf 82' lang='lat' dir='ltr'>Pro</span> <span class='ocrx_word' id='word_1_373' title='bbox 2889 3972 2974 4019; x_wconf 73' lang='lat' dir='ltr'>his</span> <span class='ocrx_word' id='word_1_374' title='bbox 3011 3988 3078 4019; x_wconf 83' lang='lat' dir='ltr'>ex</span> 
     </span>
     <span class='ocr_line' id='line_1_39' title="bbox 490 4036 3079 4106; baseline -0.002 -14"><span class='ocrx_word' id='word_1_375' title='bbox 490 4042 637 4094; x_wconf 86' lang='lat' dir='ltr'><strong>Mon.</strong></span> <span class='ocrx_word' id='word_1_376' title='bbox 675 4044 832 4106; x_wconf 83' lang='lat' dir='ltr'>posui</span> <span class='ocrx_word' id='word_1_377' title='bbox 868 4036 1231 4103; x_wconf 85' lang='grc' dir='ltr'>ςεςημείωται</span> <span class='ocrx_word' id='word_1_378' title='bbox 1267 4038 1375 4104; x_wconf 83' lang='grc' dir='ltr'>ἄρα</span> <span class='ocrx_word' id='word_1_379' title='bbox 1410 4055 1583 4104; x_wconf 80' lang='lat' dir='ltr'>usqne</span> <span class='ocrx_word' id='word_1_380' title='bbox 1620 4041 1691 4090; x_wconf 82' lang='lat' dir='ltr'>ad</span> <span class='ocrx_word' id='word_1_381' title='bbox 1731 4038 1994 4104; x_wconf 81' lang='grc' dir='ltr'>ςκορπίος</span> <span class='ocrx_word' id='word_1_382' title='bbox 2031 4042 2237 4089; x_wconf 80' lang='lat' dir='ltr'><strong>inserto</strong></span> <span class='ocrx_word' id='word_1_383' title='bbox 2277 4056 2343 4089; x_wconf 83' lang='lat' dir='ltr'>ex</span> <span class='ocrx_word' id='word_1_384' title='bbox 2379 4040 2460 4091; x_wconf 80' lang='lat' dir='ltr'>St,</span> <span class='ocrx_word' id='word_1_385' title='bbox 2493 4041 2548 4092; x_wconf 85' lang='lat' dir='ltr'>B.</span> <span class='ocrx_word' id='word_1_386' title='bbox 2587 4040 2802 4103; x_wconf 82' lang='lat' dir='ltr'>proprio</span> <span class='ocrx_word' id='word_1_387' title='bbox 2833 4036 3079 4101; x_wconf 84' lang='grc' dir='ltr'>Κεφαλή.</span> 
     </span>
     <span class='ocr_line' id='line_1_40' title="bbox 492 4105 3077 4173; baseline -0.002 -15"><span class='ocrx_word' id='word_1_388' title='bbox 492 4110 673 4159; x_wconf 80' lang='lat' dir='ltr'>Verba</span> <span class='ocrx_word' id='word_1_389' title='bbox 710 4108 838 4158; x_wconf 78' lang='lat' dir='ltr'>inde</span> <span class='ocrx_word' id='word_1_390' title='bbox 876 4109 945 4157; x_wconf 80' lang='lat' dir='ltr'>ab</span> <span class='ocrx_word' id='word_1_391' title='bbox 983 4105 1193 4171; x_wconf 77' lang='grc' dir='ltr'>ἐκλήθη</span> <span class='ocrx_word' id='word_1_392' title='bbox 1240 4106 1626 4173; x_wconf 80' lang='grc' dir='ltr'>δὲ-ἀμυγδαλῆ</span> <span class='ocrx_word' id='word_1_393' title='bbox 1673 4123 1844 4172; x_wconf 81' lang='lat' dir='ltr'>usqne</span> <span class='ocrx_word' id='word_1_394' title='bbox 1893 4107 1962 4157; x_wconf 84' lang='lat' dir='ltr'>ad</span> <span class='ocrx_word' id='word_1_395' title='bbox 2012 4106 2170 4155; x_wconf 86' lang='lat' dir='ltr'><strong>finem</strong></span> <span class='ocrx_word' id='word_1_396' title='bbox 2220 4109 2423 4170; x_wconf 77' lang='lat' dir='ltr'>sumpsi</span> <span class='ocrx_word' id='word_1_397' title='bbox 2471 4123 2536 4155; x_wconf 83' lang='lat' dir='ltr'>ex</span> <span class='ocrx_word' id='word_1_398' title='bbox 2575 4106 2860 4154; x_wconf 79' lang='lat' dir='ltr'><strong>Athenaeo</strong></span> <span class='ocrx_word' id='word_1_399' title='bbox 2904 4122 2953 4170; x_wconf 88' lang='lat' dir='ltr'>p.</span> <span class='ocrx_word' id='word_1_400' title='bbox 2996 4110 3077 4166; x_wconf 76' lang='lat'>53,</span> 
     </span>
     <span class='ocr_line' id='line_1_41' title="bbox 490 4172 3077 4259; baseline -0.001 -34"><span class='ocrx_word' id='word_1_401' title='bbox 490 4177 584 4258; x_wconf 57' lang='lat' dir='ltr'>ub}</span> <span class='ocrx_word' id='word_1_402' title='bbox 611 4176 892 4259; x_wconf 39' lang='grc' dir='ltr'>,κληθῆναι</span> <span class='ocrx_word' id='word_1_403' title='bbox 929 4174 990 4226; x_wconf 81' lang='grc' dir='ltr'>δὲ</span> <span class='ocrx_word' id='word_1_404' title='bbox 1027 4173 1345 4238; x_wconf 88' lang='grc' dir='ltr'>ἀμυγδάλας</span> <span class='ocrx_word' id='word_1_405' title='bbox 1383 4176 1554 4240; x_wconf 82' lang='grc' dir='ltr'>φηςίν</span> <span class='ocrx_word' id='word_1_406' title='bbox 1591 4173 1934 4256; x_wconf 80' lang='grc' dir='ltr'>ᾙρωδιανὸς</span> <span class='ocrx_word' id='word_1_407' title='bbox 1971 4173 2003 4223; x_wconf 88' lang='grc' dir='ltr'>ὁ</span> <span class='ocrx_word' id='word_1_408' title='bbox 2032 4172 2426 4236; x_wconf 85' lang='grc' dir='ltr'>Ἀλεξανδρεὺς</span> <span class='ocrx_word' id='word_1_409' title='bbox 2465 4172 2616 4236; x_wconf 84' lang='grc' dir='ltr'>παρὰ</span> <span class='ocrx_word' id='word_1_410' title='bbox 2652 4172 2721 4223; x_wconf 84' lang='grc' dir='ltr'>τὸ</span> <span class='ocrx_word' id='word_1_411' title='bbox 2758 4174 2895 4235; x_wconf 85' lang='grc' dir='ltr'>κτλ.,</span> <span class='ocrx_word' id='word_1_412' title='bbox 2935 4189 3077 4253; x_wconf 63' lang='lat' dir='ltr'>qpae</span> 
     </span>
     <span class='ocr_line' id='line_1_42' title="bbox 489 4240 3079 4373; baseline -0.002 -11"><span class='ocrx_word' id='word_1_413' title='bbox 489 4249 804 4362; x_wconf 46' lang='lat' dir='ltr'>{affin</span> <span class='ocrx_word' id='word_1_414' title='bbox 830 4244 1197 4373; x_wconf 53' lang='lat' dir='ltr'>¹301fi2‘1ff‘0083</span> <span class='ocrx_word' id='word_1_415' title='bbox 1213 4241 2407 4361; x_wconf 47' lang='lat' dir='ltr'>’tssff’nss‘f’oeffi&#39;ffi‘sssstt&#39;i&#39;ssamffie‘123¹‘&#39;t‘ssassffi‘fo</span> <span class='ocrx_word' id='word_1_416' title='bbox 2431 4240 3079 4359; x_wconf 48' lang='lat' dir='ltr'>ssssssssffiass‘yfflffiffi</span> 
     </span>
     <span class='ocr_line' id='line_1_43' title="bbox 490 4375 3079 4442; baseline -0.002 -14"><span class='ocrx_word' id='word_1_417' title='bbox 490 4380 656 4434; x_wconf 77' lang='lat' dir='ltr'>Arist.</span> <span class='ocrx_word' id='word_1_418' title='bbox 696 4382 795 4431; x_wconf 79' lang='lat'>302</span> <span class='ocrx_word' id='word_1_419' title='bbox 844 4379 926 4429; x_wconf 80' lang='lat' dir='ltr'>ed.</span> <span class='ocrx_word' id='word_1_420' title='bbox 961 4380 1044 4442; x_wconf 90' lang='grc' dir='ltr'>ΙΙ,</span> <span class='ocrx_word' id='word_1_421' title='bbox 1092 4380 1229 4433; x_wconf 86' lang='lat' dir='ltr'><strong>Lob.</strong></span> <span class='ocrx_word' id='word_1_422' title='bbox 1268 4379 1436 4428; x_wconf 81' lang='lat' dir='ltr'><strong>Pron.</strong></span> <span class='ocrx_word' id='word_1_423' title='bbox 1474 4382 1574 4429; x_wconf 80' lang='lat'>326</span> <span class='ocrx_word' id='word_1_424' title='bbox 1622 4384 1732 4428; x_wconf 86' lang='lat' dir='ltr'><strong>not.</strong></span> <span class='ocrx_word' id='word_1_425' title='bbox 1773 4380 1853 4427; x_wconf 85' lang='lat'>19.</span> <span class='ocrx_word' id='word_1_426' title='bbox 1901 4403 1964 4411; x_wconf 61' lang='lat'>.„</span> <span class='ocrx_word' id='word_1_427' title='bbox 2011 4375 2363 4424; x_wconf 81' lang='lat' dir='ltr'>Herodianus</span> <span class='ocrx_word' id='word_1_428' title='bbox 2412 4390 2573 4437; x_wconf 81' lang='lat' dir='ltr'>quum</span> <span class='ocrx_word' id='word_1_429' title='bbox 2622 4377 2678 4425; x_wconf 86' lang='lat' dir='ltr'>iu</span> <span class='ocrx_word' id='word_1_430' title='bbox 2722 4376 2868 4425; x_wconf 88' lang='lat' dir='ltr'>Mon.</span> <span class='ocrx_word' id='word_1_431' title='bbox 2913 4389 3079 4425; x_wconf 83' lang='lat' dir='ltr'><strong>unum</strong></span> 
     </span>
     <span class='ocr_line' id='line_1_44' title="bbox 493 4441 3080 4517; baseline -0.002 -21"><span class='ocrx_word' id='word_1_432' title='bbox 493 4445 710 4510; x_wconf 85' lang='grc' dir='ltr'>κεφαλή</span> <span class='ocrx_word' id='word_1_433' title='bbox 748 4452 1025 4512; x_wconf 83' lang='lat' dir='ltr'><strong>oxytonon</strong></span> <span class='ocrx_word' id='word_1_434' title='bbox 1062 4462 1181 4496; x_wconf 78' lang='lat' dir='ltr'>esse</span> <span class='ocrx_word' id='word_1_435' title='bbox 1218 4446 1487 4508; x_wconf 75' lang='lat' dir='ltr'><strong>traderet,</strong></span> <span class='ocrx_word' id='word_1_436' title='bbox 1533 4459 1893 4509; x_wconf 83' lang='lat' dir='ltr'><strong>synonymum</strong></span> <span class='ocrx_word' id='word_1_437' title='bbox 1929 4441 2146 4505; x_wconf 87' lang='grc' dir='ltr'>γαβαλή</span> <span class='ocrx_word' id='word_1_438' title='bbox 2183 4458 2269 4517; x_wconf 69' lang='lat' dir='ltr'>ap.</span> <span class='ocrx_word' id='word_1_439' title='bbox 2309 4441 2542 4504; x_wconf 79' lang='lat' dir='ltr'><strong>Hesyeh.</strong></span> <span class='ocrx_word' id='word_1_440' title='bbox 2581 4443 2979 4508; x_wconf 74' lang='lat' dir='ltr'><strong>praetermisit,</strong></span> <span class='ocrx_word' id='word_1_441' title='bbox 3019 4448 3080 4492; x_wconf 82' lang='lat' dir='ltr'>ut</span> 
     </span>
     <span class='ocr_line' id='line_1_45' title="bbox 492 4507 3078 4573; baseline -0.002 -9"><span class='ocrx_word' id='word_1_442' title='bbox 492 4520 720 4566; x_wconf 77' lang='lat' dir='ltr'><strong>annotat</strong></span> <span class='ocrx_word' id='word_1_443' title='bbox 757 4516 891 4565; x_wconf 90' lang='lat' dir='ltr'>Lob.</span> <span class='ocrx_word' id='word_1_444' title='bbox 929 4515 1094 4565; x_wconf 78' lang='lat' dir='ltr'><strong>Proll.</strong></span> <span class='ocrx_word' id='word_1_445' title='bbox 1131 4518 1189 4563; x_wconf 80' lang='lat'>91</span> <span class='ocrx_word' id='word_1_446' title='bbox 1234 4520 1345 4564; x_wconf 83' lang='lat' dir='ltr'>not.</span> <span class='ocrx_word' id='word_1_447' title='bbox 1388 4518 1467 4563; x_wconf 78' lang='lat'>15.</span> <span class='ocrx_word' id='word_1_448' title='bbox 1537 4512 1685 4562; x_wconf 84' lang='lat' dir='ltr'><strong>Idem</strong></span> <span class='ocrx_word' id='word_1_449' title='bbox 1725 4509 2040 4561; x_wconf 79' lang='lat' dir='ltr'>Lobeckius</span> <span class='ocrx_word' id='word_1_450' title='bbox 2081 4524 2244 4573; x_wconf 84' lang='lat' dir='ltr'><strong>quum</strong></span> <span class='ocrx_word' id='word_1_451' title='bbox 2288 4508 2476 4558; x_wconf 78' lang='lat' dir='ltr'>verbis</span> <span class='ocrx_word' id='word_1_452' title='bbox 2520 4508 2590 4560; x_wconf 89' lang='grc' dir='ltr'>τὸ</span> <span class='ocrx_word' id='word_1_453' title='bbox 2634 4509 2740 4573; x_wconf 88' lang='grc' dir='ltr'>γὰρ</span> <span class='ocrx_word' id='word_1_454' title='bbox 2785 4507 2964 4573; x_wconf 85' lang='grc' dir='ltr'>ἀλαλὴ</span> <span class='ocrx_word' id='word_1_455' title='bbox 3009 4510 3078 4560; x_wconf 82' lang='grc' dir='ltr'>οὐ</span> 
     </span>
     <span class='ocr_line' id='line_1_46' title="bbox 492 4574 3078 4647; baseline -0.003 -14"><span class='ocrx_word' id='word_1_456' title='bbox 492 4581 652 4644; x_wconf 80' lang='grc' dir='ltr'>φύςει</span> <span class='ocrx_word' id='word_1_457' title='bbox 687 4580 1052 4647; x_wconf 79' lang='grc' dir='ltr'>τριςύλλαβον</span> <span class='ocrx_word' id='word_1_458' title='bbox 1089 4582 1386 4646; x_wconf 75' lang='lat' dir='ltr'><strong>significari</strong></span> <span class='ocrx_word' id='word_1_459' title='bbox 1424 4580 1763 4629; x_wconf 79' lang='lat' dir='ltr'><strong>existimaret</strong></span> <span class='ocrx_word' id='word_1_460' title='bbox 1799 4592 2082 4643; x_wconf 78' lang='lat' dir='ltr'>apocopen</span> <span class='ocrx_word' id='word_1_461' title='bbox 2108 4578 2210 4626; x_wconf 90' lang='grc' dir='ltr'>τοῦ</span> <span class='ocrx_word' id='word_1_462' title='bbox 2237 4574 2519 4639; x_wconf 84' lang='grc' dir='ltr'>ἀλαλαγή,</span> <span class='ocrx_word' id='word_1_463' title='bbox 2560 4594 2667 4627; x_wconf 84' lang='lat' dir='ltr'>non</span> <span class='ocrx_word' id='word_1_464' title='bbox 2694 4577 2940 4627; x_wconf 84' lang='lat' dir='ltr'>meminit</span> <span class='ocrx_word' id='word_1_465' title='bbox 2974 4577 3078 4626; x_wconf 83' lang='lat' dir='ltr'>loci</span> 
     </span>
     <span class='ocr_line' id='line_1_47' title="bbox 492 4641 3080 4714; baseline -0.002 -17"><span class='ocrx_word' id='word_1_466' title='bbox 492 4650 735 4713; x_wconf 72' lang='lat' dir='ltr'><strong>Arcadii,</strong></span> <span class='ocrx_word' id='word_1_467' title='bbox 775 4649 917 4700; x_wconf 83' lang='lat' dir='ltr'><strong>unde</strong></span> <span class='ocrx_word' id='word_1_468' title='bbox 956 4647 1138 4711; x_wconf 86' lang='grc' dir='ltr'>ἀλαλή</span> <span class='ocrx_word' id='word_1_469' title='bbox 1184 4665 1281 4714; x_wconf 80' lang='lat' dir='ltr'>per</span> <span class='ocrx_word' id='word_1_470' title='bbox 1315 4650 1351 4699; x_wconf 81' lang='grc' dir='ltr'>’ἁ</span> <span class='ocrx_word' id='word_1_471' title='bbox 1398 4646 1798 4712; x_wconf 76' lang='lat' dir='ltr'><strong>pleonasticum</strong></span> <span class='ocrx_word' id='word_1_472' title='bbox 1846 4660 1911 4693; x_wconf 83' lang='lat' dir='ltr'>ex</span> <span class='ocrx_word' id='word_1_473' title='bbox 1960 4641 2104 4706; x_wconf 86' lang='grc' dir='ltr'>λαλή</span> <span class='ocrx_word' id='word_1_474' title='bbox 2158 4650 2332 4693; x_wconf 83' lang='lat' dir='ltr'><strong>ortum</strong></span> <span class='ocrx_word' id='word_1_475' title='bbox 2382 4642 2656 4695; x_wconf 78' lang='lat' dir='ltr'>indicasse</span> <span class='ocrx_word' id='word_1_476' title='bbox 2707 4644 3080 4694; x_wconf 77' lang='lat' dir='ltr'><strong>Herodianum</strong></span> 
     </span>
     <span class='ocr_line' id='line_1_48' title="bbox 496 4711 2231 4781; baseline -0.002 -16"><span class='ocrx_word' id='word_1_477' title='bbox 496 4724 667 4781; x_wconf 78' lang='lat' dir='ltr'><strong>patet.</strong></span> <span class='ocrx_word' id='word_1_478' title='bbox 740 4720 1035 4769; x_wconf 78' lang='lat' dir='ltr'>Retractat</span> <span class='ocrx_word' id='word_1_479' title='bbox 1074 4732 1227 4767; x_wconf 81' lang='lat' dir='ltr'><strong>suam</strong></span> <span class='ocrx_word' id='word_1_480' title='bbox 1264 4716 1596 4767; x_wconf 80' lang='lat' dir='ltr'><strong>sententiam</strong></span> <span class='ocrx_word' id='word_1_481' title='bbox 1636 4714 1753 4778; x_wconf 79' lang='lat' dir='ltr'>ipse</span> <span class='ocrx_word' id='word_1_482' title='bbox 1790 4712 1929 4762; x_wconf 87' lang='lat' dir='ltr'><strong>Lob.</strong></span> <span class='ocrx_word' id='word_1_483' title='bbox 1969 4712 2049 4764; x_wconf 84' lang='lat' dir='ltr'>El.</span> <span class='ocrx_word' id='word_1_484' title='bbox 2089 4711 2110 4760; x_wconf 89' lang='grc' dir='ltr'>Ι</span> <span class='ocrx_word' id='word_1_485' title='bbox 2152 4715 2231 4762; x_wconf 83' lang='grc'>18.</span> 
     </span>
    </p>
   </div>
   <div class='ocr_carea' id='block_1_5' title="bbox 562 4795 2669 4871">
    <p class='ocr_par' dir='ltr' id='par_1_5' title="bbox 562 4795 2669 4871">
     <span class='ocr_line' id='line_1_49' title="bbox 562 4795 2669 4871; baseline 0 -4"><span class='ocrx_word' id='word_1_486' title='bbox 562 4833 937 4871; x_wconf 64' lang='lat' dir='ltr'><strong>amomum-3.</strong></span> <span class='ocrx_word' id='word_1_487' title='bbox 980 4819 1020 4868; x_wconf 88' lang='lat'>1.</span> <span class='ocrx_word' id='word_1_488' title='bbox 2591 4795 2669 4859; x_wconf 77' lang='lat'>21</span> 
     </span>
    </p>
   </div>
  </div>
 </body>
</html>
