3664 5546
649 365 734 431 58
1185 350 1193 361 '
1587 368 1668 423 εκ
1706 368 1846 422 mn
1889 369 2298 424 ΗΡΩΔΙΑΝοΥ

649 539 953 617 Ἀρκάδας
995 541 1111 618 τὴν
1156 540 1378 623 πόλιν,
1425 540 1577 604 ἀλλ’
1621 541 1951 620 Ἀρκαδίαν
1997 542 2162 622 φηςί.
2250 542 2521 607 Ὀλκάς
2566 542 2754 607 ἔθνος
2800 543 3055 624 Ἰβήρων
3099 548 3232 607 τῶν

648 641 831 706 ἐντὸς
873 642 1118 723 Ἴβηρος
1161 646 1278 707 τοῦ
1322 647 1633 722 ποταμοῦ.
1717 643 2045 724 Πολύβιος
2101 643 2171 709 ἐν
2225 645 2433 729 τρίτῳ.
2525 646 2832 726 Νουβάς
2885 644 3075 711 ἔθνος
3128 646 3233 710 Λι-

649 743 800 823 βύης
844 745 1019 822 παρὰ
1066 744 1302 828 Νείλῳ,
1360 746 1425 810 οἳ
1479 747 1583 810 καὶ
1627 746 1866 826 Νοῦβαι
1923 747 2025 810 καὶ
2071 747 2378 828 Νουβαῖοι
2426 748 2753 830 λέγονται,
2808 747 3071 813 Ἑλλάς
3114 749 3231 813 πό-

529 867 540 874 ·
647 850 740 910 λις
771 845 1110 911 Θεςςαλίας
1150 848 1426 911 «πολλοὶ
1455 847 1736 926 Ἀχαῖδες
1771 848 1920 914 εἰςὶν
1954 848 2034 914 ἂν
2065 848 2335 913 Ἑλλάδα
2364 870 2432 914 τε
2462 849 2799 929 Φθίηντε»
2831 847 2938 932 (11.
2966 849 3027 929 9,
3061 849 3231 933 395).

576 954 609 1004 5
645 948 884 1028 ἑκτίςθη
931 947 1058 1015 ὑπὸ
1103 950 1413 1029 ’Ἐλληνος
1458 949 1537 1014 οὐ
1582 954 1699 1015 τοῦ
1743 952 2228 1033 Δευκαλίωνος,
2283 950 2451 1017 ἀλλὰ
2505 956 2622 1017 τοῦ
2666 951 2865 1016 Φθίου
2922 954 3023 1017 καὶ
3069 953 3230 1031 Χρυ-

643 1051 878 1116 ςίππου
920 1055 1038 1116 τοῦ
1079 1052 1266 1130 Ἴρου.
1353 1051 1479 1116 ἔςτι
1536 1053 1637 1117 καὶ
1692 1052 1855 1131 ἄλλη
1911 1053 2099 1118 πόλις
2141 1052 2362 1118 Ἑλλάς
2418 1054 2636 1132 κοίλης
2690 1053 2928 1132 (υρίας.
3018 1055 3229 1119 Παλ-

644 1153 795 1218 λάς.
844 1154 1036 1219 ἐθάς.
1085 1153 1305 1234 ἰκμάς
1349 1155 1525 1232 παρὰ
1568 1156 1643 1219 τὸ
1688 1154 1987 1220 ἱκνεῑςθαι
2032 1154 2284 1221 ἄνωθεν
2330 1157 2494 1235 πρὸς
2537 1156 2697 1235 ἡμᾶς
2743 1155 2875 1221 ἀπὸ
2919 1160 3036 1221 τοῦ
3065 1157 3229 1221 Διὸς

643 1254 889 1321 ὕοντος.
957 1256 1214 1336 μονάς.
1257 1257 1587 1351 ΙἘχινάς
1653 1260 1832 1336 νῆςοι
1898 1258 2045 1336 περὶ
2108 1259 2224 1336 τὴν
2290 1258 2632 1341 Αἰτωλίαν,
2700 1258 2766 1322 αἳ
2821 1259 2924 1322 καὶ
2978 1258 3229 1337 Ἐχῖναι.

643 1358 959 1437 λαμπάς.
1016 1357 1307 1437 Δειράς
1362 1362 1561 1438 δῆμος
1616 1364 1727 1438 τῆς
1769 1359 2115 1424 Λεοντίδος
2170 1362 2410 1442 φυλῆς,
2467 1360 2983 1442 πολυδειράς,
3040 1359 3227 1425 ἀνα-

547 1466 608 1519 10
643 1461 993 1539 δενδράς.
1085 1461 1474 1539 Χοιράδες
1517 1462 1703 1526 πόλις
1750 1460 2223 1527 Μοςςυνοίκων.
2313 1460 2636 1527 Ἑκαταῖος
2682 1462 2954 1546 Εὐρώπῃ
3003 1463 3227 1543 «Τιβα-

642 1565 886 1642 ρηνοῖςι
932 1565 1003 1628 δὲ
1047 1564 1213 1642 πρὸς
1242 1563 1429 1642 ἥλιον
1472 1561 1815 1642 ἀνίςχοντα
1848 1564 2273 1629 Μοςςύνοικοι
2305 1563 2700 1643 ὁμουρέουςι.
2768 1564 2838 1628 ἐν
2884 1566 2955 1629 δὲ
2986 1564 3230 1629 αὐτοῑςι

644 1665 952 1744 Χοιράδες
997 1664 1241 1731 πόλις».
1307 1666 1630 1746 Λυμφάς
1675 1667 1861 1730 πόλις
1908 1666 2247 1745 Ἀρκαδίας.
2323 1666 2686 1730 Παυςανίας
2743 1664 2961 1750 ὀγδόῳ
3005 1668 3088 1747 (e.
3121 1666 3226 1749 34,

641 1767 725 1849 6).
816 1767 1174 1848 (τροφάς
1218 1771 1395 1846 νῆςοι
1452 1770 1615 1848 πρὸς
1669 1775 1747 1851 τῇ
1790 1769 2104 1852 Ζακύνθῳ
2161 1769 2298 1832 δύο.
2388 1768 2615 1847 ἰςχάς.
2671 1768 3003 1847 (τοιχάς
3048 1772 3227 1847 νῆςοι

639 1872 809 1948 τρεῖς
853 1871 1017 1949 πρὸς
1061 1876 1137 1954 τῇ
1185 1870 1526 1955 Μαςςαλίᾳ.
1613 1872 1926 1936 Πανεάς
1968 1869 2307 1949 πολίχνιον
2352 1868 2664 1948 Φοινίκης.
2732 1872 2936 1936 δυάς.
2991 1872 3226 1950 τριάς.

543 1977 602 2028 15
640 1971 844 2051 ῥυάς.
903 1971 1195 2036 πλειάς.
1250 1972 1572 2037 πελειάς
1619 1971 1723 2036 «αἱ
1768 1974 1840 2037 δὲ
1887 1972 2081 2053 βάτην
2126 1972 2398 2051 τρήρωςι
2442 1973 2765 2037 πελειάςι»
2813 1969 2922 2053 (ΙΙ.
2956 1971 3018 2053 5,
3053 1972 3225 2054 778),

638 2075 677 2152 ἢ
722 2074 824 2138 καὶ
867 2074 1105 2139 πελειά.
1196 2074 1332 2139 Ἰάς
1377 2073 1676 2153 Ἰλλυρίας
1721 2075 1928 2153 μέρος.
1975 2075 2078 2138 καὶ
2120 2074 2372 2139 ἑθνικόν
2417 2075 2711 2153 θηλυκόν.
2764 2073 3033 2158 Φθιάς,
3078 2076 3229 2153 παρ’

639 2175 939 2259 Εὐριπίδῃ
996 2177 1068 2241 ἐν
1113 2176 1512 2259 Ἀνδρομάχῃ
1556 2177 1647 2258 (v.
1688 2176 1837 2257 119)
1885 2176 2122 2243 «Φθιὰς
2164 2177 2394 2256 ὅμως».
2483 2177 2682 2240 Διάς
2735 2176 2921 2241 πόλις
2975 2175 3225 2259 Λυκίας,

638 2279 717 2356 ἣν
760 2279 1006 2357 Διάδης
1051 2278 1264 2344 ἔκτιςε.
1332 2278 1556 2343 (κιάς
1602 2279 1781 2358 χώρα
1826 2278 2167 2357 Ἀρκαδίας.
2236 2279 2503 2362 Τρῳάς
2548 2280 2586 2357 ἡ
2629 2279 2809 2357 χώρα
2862 2282 2979 2343 τοῦ
3024 2278 3223 2343 Ἰλίου.

636 2380 932 2445 Πεδιάς
988 2383 1161 2461 φυλὴ
1218 2383 1329 2458 τῆς
1386 2381 1677 2458 Ἀττικῆς.
1755 2381 2214 2446 Μενουθιάς
2270 2385 2461 2458 νῆςος
2518 2381 2857 2445 Αἰθιοπίας.
2933 2381 3226 2446 Θυνιάς

535 2489 601 2541 20
637 2486 827 2559 νῆςος
870 2483 1035 2561 πρὸς
1079 2505 1172 2565 τῳ
1216 2483 1470 2561 ςτόματι
1515 2487 1634 2547 τοῦ
1677 2483 1941 2547 Πόντου
1986 2483 2089 2547 καὶ
2131 2482 2308 2561 ἄκρα.
2356 2483 2647 2548 Ξυνιάς
2694 2483 2908 2565 λίμνη,
2954 2483 3033 2560 ἣν
3079 2484 3222 2547 Βοι-

637 2586 823 2666 βιάδα
867 2585 1075 2665 φαςίν.
1124 2584 1685 2651 Ἀπολλωνιάς.
1732 2583 1907 2650 οὕτω
1951 2586 2118 2649 τινὲς
2169 2584 2558 2664 Κυπάριςςον
2602 2585 2794 2649 πόλιν
2839 2583 3047 2665 φαςίν.
3122 2585 3226 2649 καὶ

634 2688 674 2767 ἡ
721 2687 991 2767 Τροιζὴν
1039 2685 1246 2751 οὕτως
1290 2686 1612 2769 ἐκαλεῖτο,
1671 2688 1709 2765 ἢ
1766 2689 1869 2751 καὶ
1921 2687 2480 2752 Ποςειδωνιάς.
2533 2687 2831 2751 Κωλιάς
2887 2686 3050 2767 ἄκρα
3092 2670 3229 2751 Φα-

637 2793 855 2874 ληροῖ,
901 2790 1072 2855 ὅπου
1117 2811 1218 2854 και
1263 2790 1605 2870 Ἀφροδίτη
1641 2789 1900 2855 Κωλιάς.
1969 2789 2006 2853 ὁ
2053 2791 2125 2854 δὲ
2168 2789 2370 2855 τόπος
2413 2789 2624 2869 ὀρθως
2666 2793 2963 2854 καλεῖται.
3030 2790 3221 2855 ἐκκεί-

427 2969 432 2978 ‚
635 2914 827 2973 μενος
882 2893 1006 2971 γάρ
1061 2892 1186 2957 ἐςτι
1244 2893 1347 2956 καὶ
1401 2892 1626 2970 ὅμοιος
1680 2891 2033 2972 ἀνθρώπου
2078 2892 2285 2974 κώλῳ.
2376 2892 2589 2958 Ἰξιάς
2646 2892 2832 2956 πόλις
2876 2892 3221 2971 Οἰνωτρῶν

532 3003 598 3052 25
635 2995 704 3060 ἐν
751 2993 1070 3077 μεςογαίᾳ.
1157 2993 1481 3058 Ἑκαταῖος
1526 2993 1798 3077 Εὐρώπῃ
1857 2994 1968 3067 ςὲν
2023 2995 2094 3058 δὲ
2152 2993 2325 3060 Ἰξιὰς
2379 2994 2595 3076 πόλις,
2654 2994 2726 3057 ἐν
2786 2995 2856 3057 δὲ
2902 2993 3219 3073 Μενεκίνη

631 3096 878 3161 πόλις».
969 3095 1242 3174 Ἰδριάς
1286 3096 1473 3159 πόλις
1515 3099 1625 3173 τῆς
1676 3095 1902 3174 Καρίας
1948 3095 2079 3160 ἀπὸ
2124 3095 2355 3174 Ἰδρίεω
2420 3097 2649 3160 παιδὸς
2697 3095 2914 3174 Καρός.
3003 3096 3217 3178 Τιβες

633 3199 807 3277 ριάς
861 3197 1048 3261 πόλις
1102 3199 1211 3274 τῆς
1266 3197 1570 3262 Ἰουδαίας
1625 3198 1788 3277 πρὸς
1844 3205 1919 3281 τῇ
1979 3198 2018 3260 Γ
2020 3195 2434 3275 εννηςαρίτιδι
2504 3196 2703 3281 λίμνῃ.
2802 3195 3217 3277 Φαλωριάς

632 3299 817 3363 πόλις
861 3298 1182 3377 Λοκρίδος.
1228 3299 1683 3377 Δημητριάς
1727 3299 1915 3363 πόλις
1960 3297 2298 3363 Θεςςαλίας
2344 3298 2474 3363 ἀπὸ
2519 3297 2889 3377 Δημητρίου
2937 3299 3217 3381 βαςιλεύ-

632 3419 888 3467 ςαντος·
978 3399 1031 3480 β’
1087 3400 1502 3465 Μακεδονίας.
1590 3401 1648 3478 γ’
1703 3401 2015 3479 Περςίδος
2068 3402 2231 3480 πρὸς
2286 3400 2586 3484 Ἀρβήλῳ.
2688 3401 3217 3479 Διοςκουριάς

529 3512 596 3563 30
632 3503 738 3583 μία
782 3506 912 3567 τῶν
971 3502 1042 3566 ἐν
1086 3503 1282 3586 Λιβύῃ
1337 3503 1594 3568 Λευκῶν
1654 3503 1882 3581 νήςων.
1956 3503 2081 3567 ἔςτι
2125 3504 2229 3567 καὶ
2272 3503 2457 3581 ἑτέρα
2500 3502 2647 3580 περὶ
2688 3502 2985 3585 Πόντον,
3040 3503 3078 3582 ἥ
3123 3525 3216 3568 τις

631 3604 1090 3685 (εβαςτόπολις
1133 3607 1428 3670 καλεῖται.
1509 3604 1610 3668 καὶ
1652 3605 1973 3682 πρότερον
2019 3607 2090 3670 δὲ
2133 3603 2253 3669 Αἶα
2296 3605 2722 3687 ἑκικλήςκετο,
2771 3606 2859 3669 ὡς
2907 3605 3214 3685 Νικάνωρ.

633 3706 1081 3784 Μεθουριάς
1146 3710 1326 3784 νῆςοι
1393 3707 1621 3787 μεταξὺ
1687 3705 1938 3785 Αἰγίνης
2001 3706 2103 3770 καὶ
2170 3707 2442 3784 Ἀττικῆς
2520 3706 2787 3785 πληςίον
2853 3707 3213 3785 Τροιζῆνος.

631 3808 1012 3888 Ἀνδροτίων
1069 3809 1335 3891 πέμπτῳ
1394 3807 1688 3873 Ἀτθίδος.
1777 3808 2171 3886 Προυςιάς
2226 3807 2410 3873 πόλις
2466 3808 2756 3873 Βιθυνίας
2814 3808 2944 3874 ἀπὸ
2999 3810 3211 3887 Πρου-

630 3912 767 3976 ςίου
810 3915 928 3975 τοῦ
970 3910 1177 3990 Ζηῖλα
1229 3916 1361 3975 τῶν
1407 3911 1694 3975 Βιθυνῶν
1752 3911 2053 3991 βαςιλέως
2117 3911 2156 3989 ἡ
2217 3910 2358 3975 Κίος
2413 3911 2732 3989 πρότερον
2779 3909 3212 3990 ὀνομαςθεῑςα.

527 4023 592 4071 35
633 4013 1133 4093 Ἀφροδιςιάς
1178 4013 1363 4077 πόλις
1413 4012 1699 4095 Κιλικίας,
1745 4013 1892 4090 περὶ
1934 4011 2010 4091 ἧς
2056 4012 2470 4091 Ἀλέξανδρος
2516 4012 2553 4077 6
2599 4011 2959 4092 πολυίςτωρ
3006 4014 3075 4077 ἐν
3120 4019 3211 4096 τῷ

628 4117 773 4193 περὶ
834 4113 1102 4179 Κιλικίας
1157 4115 1348 4195 φηςὶν
1417 4114 1515 4179 ὅτι
1566 4114 1886 4192 Ζώπυρός
1951 4135 2142 4194 φηςιν
2210 4114 2410 4193 αὐτὴν
2476 4115 2609 4180 ἀπὸ
2664 4118 2776 4192 τῆς
2833 4114 3211 4196 Ἀφροδίτης

627 4220 989 4299 κεκλῆςθαι,
1045 4216 1319 4299 γράφων
1363 4218 1465 4280 καὶ
1507 4217 1798 4296 ἱςτορίας.
1884 4205 2166 4295 ’δευτέρα
2223 4216 2480 4297 Ἰβηρίας
2536 4218 2701 4295 πρὸς
2749 4220 2888 4281 τοῖς
2937 4217 3209 4282 Κελτοῖς.

761 4470 1105 4527 1,1Ὀλκάς
1140 4501 1205 4506 --
1243 4470 1434 4525 ende
1480 4474 1666 4524 addidi
1714 4491 1782 4524 ex
1820 4473 1900 4524 St.
1936 4475 2028 4536 Β,
2075 4473 2109 4527 l.
2147 4476 2178 4523 6
2223 4471 2456 4524 Παλλάς
2494 4491 2559 4524 ex
2598 4473 2788 4525 Choer.
2827 4491 2877 4539 p.
2914 4476 3042 4535 350,
3080 4471 3209 4525 ἐθά(

627 4538 1403 4604 exl)iehr.283‚19.lxpdc
1443 4558 1510 4592 ex
1547 4544 1608 4596 Ε,
1650 4542 1837 4596 Orion.
1878 4533 1959 4604 77,
1997 4511 2028 4591 7'
2063 4542 2160 4592 ubi
2196 4541 2445 4591 additum
2481 4547 2594 4592 est:
2632 4541 2817 4593 οὕτως
2855 4541 3208 4606 Ἡρωδιανὸς.

761 4609 796 4664 l
834 4611 866 4658 8
905 4606 1077 4671 μονάς
1116 4608 1339 4670 Choer„
1381 4607 1587 4672 Ἐχινάς
1624 4611 1703 4666 St.
1741 4612 1801 4660 Β.
1816 4609 2091 4674 ,λαμπάς
2128 4609 2324 4660 Choer.
2395 4608 2597 4673 Δειράς
2636 4611 2713 4663 St.
2753 4613 2840 4672 Β.
2878 4608 3208 4727 πολυδεξας

625 4678 771 4726 Mon.
779 4673 1168 4740 ,ἀναδενδράς
1207 4677 1428 4740 choen,
1467 4679 1562 4728 ubi
1600 4678 1830 4729 diserte:
1878 4677 1948 4729 τὸ
1984 4674 2324 4741 ἀναδενδράς
2371 4676 2403 4728 6
2442 4677 2538 4742 Ηρ
2542 4677 2781 4729 ωδιανὸς
2827 4677 3086 4741 ὑπολαμβ
3126 4692 3209 4728 νει

629 4744 817 4807 μόνως
854 4743 1171 4796 ςυςτέλλειν
1206 4744 1276 4796 τὸ
1313 4748 1350 4796 ἂ
1387 4745 1476 4797 καὶ
1522 4745 1822 4798 ὀξύνεςθαι.
1985 4747 2020 4796 l.
2060 4749 2123 4796 10
2160 4744 2420 4809 Χοιράδες
2457 4772 2525 4780 —-
2559 4746 2694 4796 1.14
2729 4744 2955 4798 Πανεάς
3007 4749 3088 4797 St.
3123 4747 3206 4808 Β.,

627 4811 764 4876 ῥυάς
801 4829 867 4862 ex
905 4813 1512 4878 Theogn.42,14,ex
1561 4814 1751 4866 eodem
1796 4812 2018 4876 πλειάς,
2067 4814 2209 4878 quod
2256 4830 2415 4863 cortu
2458 4819 2571 4864 tum
2618 4819 2706 4865 est
2748 4816 2806 4865 in
2842 4811 3067 4877 φλειάς,
3112 4827 3209 4864 πε-

627 4879 775 4931 λειάς
815 4896 880 4930 ex
918 4880 981 4930 11.
1020 4881 1108 4935 Pr.
1148 4880 1197 4933 Φ
1233 4885 1349 4934 493.
1492 4884 1527 4933 l.
1567 4884 1629 4933 16
1669 4880 1769 4933 Ἰάς
1804 4910 1870 4918 -
1908 4883 1945 4935 l.
1981 4885 2044 4931 21
2088 4879 2403 4932 Ἀπολλωνι
2443 4896 2471 4932 ς
2508 4883 2589 4932 St.
2628 4884 2688 4933 B.
2843 4882 2878 4931 l.
2913 4884 2978 4932 22
3012 4881 3209 4934 Ποςει-
