3664 5546
1905 78 1947 92 Q

647 345 774 411 390
1407 285 1428 307 .
1584 342 1667 396 ΕΚ
1704 340 1845 394 ΤΩΝ
1888 338 2296 393 ΗΡΩΔΙΑΝΟΥ

815 516 910 579 Τὰ
966 514 1053 577 εἰς
1107 513 1224 577 τΤν
1281 513 1624 592 διςύλλαβα
1677 511 1916 590 ἔχοντα
1970 511 2282 591 ςύμφωνα
2334 509 2493 574 κατὰ
2547 508 2862 588 ςύλληψιν
2926 507 3238 591 ὀξύνεται,

647 617 970 696 Λεκτόν,
1016 616 1377 693 δρεπτόν.
1464 615 1540 678 τὸ
1597 614 1813 692 μέντοι
1860 612 2144 677 Ῥάπτα
2199 613 2238 691 ἡ
2284 611 2675 690 μητρόπολις
2730 614 2861 675 τῶν
2910 610 3095 674 ἐντὸς
3137 610 3239 674 Αἰ-

649 718 894 782 θιόπων
941 716 1292 796 βαρύνεται.
1379 715 1460 779 τὰ
1503 698 1575 778 δὲ
1619 715 1859 793 ἔχοντα
1900 715 2018 792 τὴν
2062 714 2191 792 πρὸ
2242 714 2471 777 τέλους
2515 713 2832 801 ςυλλαβὴν
2877 710 2967 775 εἰς
3011 710 3239 789 ἀμετά-

651 821 866 908 βολον,
909 819 1230 896 λήγουςαν
1301 816 1670 899 βαρύνεται,
1733 817 2025 895 μύρτον
2093 815 2131 892 ἡ
2193 813 2483 894 μυρςίνη,
2550 814 2834 888 γέντον
2901 814 2976 877 τὸ
3032 813 3241 893 κρέας,

590 932 622 981 5
654 920 999 998 ςπάρτον
1045 919 1146 983 καὶ
1190 917 1557 996 (πάρτον
1602 915 1760 995 ὄρος
1802 916 2071 996 πληςίον
2116 920 2234 981 τοῦ
2279 915 2578 1004 Εὐξείνου
2634 914 2899 979 πόντου.
2972 915 3048 979 τὸ
3094 914 3240 994 μέν·

650 1041 750 1085 τοι
794 1020 1097 1085 παλτόν
1140 1020 1218 1085 τὸ
1265 1019 1423 1097 δόρυ
1470 1018 1778 1085 ὀξύνεται.
2266 1103 2273 1110 .

821 1121 915 1184 Τὰ
958 1121 1046 1185 εἰς
1089 1122 1210 1183 τ’ὄῦ
1240 1120 1747 1199 ὑπερδιςύλλαβα
1790 1119 2159 1201 βαρύνεται,
2203 1119 2643 1199 πρόβατον,
2688 1117 3060 1197 ἔγκατον,
3105 1116 3241 1181 ἄλ-

653 1243 922 1303 φιτον,
981 1221 1377 1297 γίγαρτον.
1478 1221 1856 1301 Ἐμβατον
1922 1222 2127 1286 τόπος
2187 1224 2298 1298 τῆς
2364 1219 2742 1297 Ἐρυθραίας.
2854 1219 3244 1298 Θεόπομπος

654 1323 1035 1402 Ἑλληνικῶν
1067 1320 1286 1402 ὀγδόῃ.
1347 1323 1738 1401 Μήκιςτον
1783 1324 1973 1388 πόλις
2001 1323 2366 1402 Τριφυλίας.
2420 1320 2746 1384 Ἑκαταῖος
2774 1320 3064 1403 Εὐρώπῃ.
3118 1321 3243 1385 ἔςτι

557 1435 620 1484 10
656 1425 758 1488 καὶ
800 1422 962 1500 ἄλλη
1005 1426 1118 1498 τῆς
1161 1423 1440 1488 Ἤλιδος.
1526 1424 2006 1503 Πρόςπαλτα
2060 1428 2259 1502 δῆμος
2303 1423 2754 1501 Ἀκαμαντίδος
2799 1424 3025 1502 φυλῆς.
3101 1420 3243 1485 Εά-

656 1544 909 1604 ραπτα
962 1523 1146 1588 πόλις
1200 1524 1514 1603 Φοινίκης.
1616 1526 2145 1604 Μαννάκαρτα
2209 1525 2396 1588 πόλις
2460 1523 2762 1603 Ἀραβίας.
2872 1523 3244 1587 Ἀλύατ’τα

656 1623 897 1704 χ’ωρίον
944 1625 1234 1689 Βιθυνίας
1290 1624 1420 1690 ἀπὸ
1467 1626 1812 1691 Ἀλυάττου
1867 1627 2296 1705 κρατήςαντος
2351 1627 2467 1690 τὸν
2511 1625 2733 1689 τόπον.
2822 1624 3245 1702 Ἀρτάξατα

656 1726 845 1790 πόλις
889 1725 1228 1802 Ἀρμενίας.
1318 1725 1614 1806 (τράβων
1661 1727 1965 1811 ἑνδεκάτῃ
2016 1729 2105 1811 (p.
2150 1725 2320 1806 527).
2409 1727 2488 1804 ἣν
2543 1726 2646 1789 καὶ
2689 1725 3246 1804 Ἀρταξιάςατα

659 1829 933 1892 καλοῦςι.
1023 1826 1268 1902 λέγεται
1322 1829 1437 1904 τῆν
1492 1829 1682 1893 πόλιν
1740 1829 1963 1893 οἰκίςαι
2019 1828 2343 1906 Ἀρταξίαν
2399 1827 2723 1906 Ἀρμενίας
2780 1828 3245 1908 βαςιλεύςαντα.

561 1939 623 1990 15
644 1928 1084 1993 -Ἰωτάπατα
1128 1927 1313 1992 πόλις
1360 1929 1598 2007 (Συρίας.
1689 1931 1986 2008 Ἰώςηπος
2031 1930 2100 1994 ἐν
2156 1930 2346 2011 τρίτῳ
2392 1926 2493 2011 (Β.
2524 1927 2580 1990 Ι.
2614 1948 2667 1990 ο.
2700 1926 2769 2009 6)
2813 1930 2916 1992 καὶ
2958 1932 3247 2005 θηλυκῶς

659 2030 1020 2107 Ἰωταπάτη.
1110 2026 1515 2106 Εαμόςατα
1578 2033 1762 2097 πόλις
1821 2032 2238 2110 Κομμαγηνῆς
2305 2031 2408 2095 ἐπὶ
2471 2036 2562 2113 τῷ
2619 2030 2937 2113 Εὐφράτῃ.
3015 2030 3246 2106 Κυρέ-

663 2153 899 2211 ςχατα
942 2131 1128 2195 πόλις
1182 2131 1347 2208 πρὸς
1402 2135 1538 2197 τοῖς
1589 2133 1876 2211 ἐςχάτοις
1919 2133 2261 2214 Περςίδος,
2323 2134 2361 2209 ἣ
2407 2132 2509 2196 καὶ
2556 2131 2764 2210 Κύρου
2808 2132 2995 2196 πόλις
3039 2133 3247 2195 καλεῖ-

661 2255 794 2315 ται,
853 2233 1168 2298 Μόκατα
1211 2233 1397 2297 πόλις
1444 2234 1764 2316 Βιθυνίας,
1823 2235 1915 2299 ὡς
1958 2235 2281 2314 Δομέτιος
2328 2234 2787 2310 Καλλίςτρατος
2842 2233 2913 2299 ἐν
2966 2239 3058 2314 τῷ
3102 2234 3251 2311 περὶ

661 2335 1029 2413 Ἡρακλείας
1083 2333 1379 2418 τετάρτῳ.
1478 2335 1898 2399 Πάνακτον
1955 2336 2277 2415 φρούριον
2334 2334 2642 2414 Ἀττικῆς,
2706 2335 2796 2399 ὡς
2860 2334 3247 2413 Ἀνδροτίων

561 2446 628 2496 20
663 2436 733 2501 έν
777 2436 968 2518 τρίτῳ
1015 2435 1313 2500 Ἀτθίδος.
1384 2437 1783 2512 Ταΰγετον
1830 2436 1986 2514 ὄρος
2035 2439 2147 2512 τῆς
2190 2436 2572 2513 Λακωνικῆς.
2636 2436 2922 2514 Ὅμηρος
2969 2437 3046 2513 «ἢ
3093 2436 3252 2499 κατὰ

663 2537 988 2614 Τηΰγετον
1031 2538 1450 2615 περιμήκετον
1495 2539 1534 2616 ἢ
1581 2538 2012 2617 Ἐρύμανθον»
2059 2536 2216 2620 (od.
2247 2543 2281 2602 ζ
2318 2536 2481 2618 103).
2558 2537 2805 2611 λέγεται
2854 2537 2965 2612 καὶ
3005 2536 3249 2615 ἀρςενι-

665 2643 790 2703 κῶς
844 2639 947 2700 καὶ
1005 2639 1291 2714 θηλυκῶς
1346 2641 1450 2702 καὶ
1504 2639 1876 2718 οὐδετέρως.
1965 2639 2095 2704 ἀπὸ
2140 2639 2463 2716 Ταϋγέτης
2515 2641 2627 2714 τῆς
2682 2639 2927 2716 μητρὸς.
2973 2638 3250 2716 Εὐρώτα.

665 2739 1014 2816 Τύδερτα
1055 2739 1241 2803 πόλις
1285 2740 1657 2819 Τυρρηνική.
1747 2740 2313 2823 Ἀρκεςίκερτα,
2357 2739 2395 2805 ὅ
2441 2739 2606 2805 ἐςτιν
2652 2738 2970 2818 Ἀρκεςίου
3013 2741 3250 2820 κτίςμα,

667 2841 897 2919 ἐκλήθη
954 2839 1324 2919 Ἐπιφάνεια
1378 2842 1567 2905 πόλις
1622 2843 1780 2906 κατὰ
1836 2843 2068 2920 Τίγριν.
2168 2841 2639 2919 Δαδόκερτα
2702 2841 3022 2920 φρούριον
3090 2841 3253 2919 μέγα

564 2953 629 3001 25
667 2946 776 3020 τῆς
820 2940 1145 3020 Ἀρμενίας
1197 2944 1425 3020 μεταξὺ
1477 2944 1740 3020 Μηδίας.
1826 2942 2412 3022 Τιγρανόκερτα
2462 2942 2648 3007 πόλις
2695 2943 2859 3019 πρὸς
2901 2942 3252 3022 Ἀρμενίαν,

668 3042 799 3107 ἀπὸ
854 3042 1173 3120 Τιγράνου
1230 3043 1532 3123 βαςιλέως
1598 3045 1939 3123 Ἀρμενίας.
2035 3045 2437 3109 Λάδεςτον
2503 3044 2542 3120 ἢ
2610 3044 2893 3108 Λάδεςτα
2954 3043 3060 3121 μία
3119 3048 3252 3107 τῶν

667 3143 1058 3224 Λιβυρνίδων
1104 3144 1331 3219 νήςων.
1387 3144 1777 3224 Θεόπομπος
1820 3147 1918 3210 κα’
1961 3145 2378 3219 Φιλιππικῶν.
2432 3144 2829 3222 Δεκίητον
2873 3144 3060 3208 πόλις
3103 3145 3253 3208 Ἰτα-

670 3247 823 3309 λίας.
900 3246 1238 3324 Νήριτον
1283 3247 1358 3309 τὸ
1404 3246 1574 3327 ὄρος.
1665 3247 1968 3327 Εύβοτα
2011 3251 2204 3323 νῆςος
2252 3248 2413 3324 πρὸς
2464 3252 2557 3328 τῷ
2602 3245 2986 3328 Ἀμβρακικῷ
3032 3247 3254 3327 κόλπῳ

671 3349 774 3412 καὶ
828 3348 1033 3425 λιμήν.
1121 3346 1503 3424 Ἀδροττα
1561 3350 1799 3432 χωρίον
1859 3350 1930 3413 έν
1974 3348 2170 3430 Λυδίᾳ
2226 3347 2739 3425 παραθαλάςςιον
2794 3348 2897 3411 καὶ
2948 3347 3255 3426 κατάκρη·

569 3456 637 3508 30
671 3469 849 3527 μνον.
943 3446 1298 3524 Κόροντα
1342 3450 1527 3514 πόλις
1572 3450 2000 3527 Ἀκαρνανίας.
2090 3450 2482 3527 Θουκυδίδης
2526 3450 2816 3532 δευτέρᾳ-
2836 3450 2917 3530 (ο.
2954 3446 3118 3529 102).
3178 3449 3255 3512 τὸ

672 3551 744 3613 δὲ
787 3548 1120 3627 ἑρπετόν
1166 3547 1455 3614 ὀξύνεται
1501 3552 1602 3614 καὶ
1645 3550 1979 3615 ἐνδυτόν
2035 3552 2137 3614 καὶ
2188 3551 2586 3625 δελτωτόν
2646 3550 2737 3615 ὡς
2787 3549 3085 3627 τριγενές.
3158 3549 3253 3613 ἔτι

673 3650 774 3712 καὶ
830 3648 1266 3727 Ευρρεντόν
1321 3651 1508 3715 πόλις
1551 3651 1935 3733 Τυρρηνίας,
1980 3653 2018 3729 ἣ
2074 3653 2175 3715 καὶ
2233 3651 2644 3731 (ἶυρρέντιον,
2702 3651 2803 3715 καὶ
2843 3651 3254 3714 Πικεντόν.

674 3750 846 3814 οὕτω
889 3750 1011 3827 γὰρ
1055 3750 1323 3827 Φλέγων
1369 3752 1707 3817 Πικεντίαν
1752 3752 1944 3817 πόλιν
1990 3752 2342 3830 Τυρρηνίας
2384 3755 2578 3816 καλεῖ.

850 3875 885 3910 ιι-
928 3851 1023 3915 Τὰ
1067 3851 1155 3915 εἰς
1205 3858 1330 3929 {GV
1386 3852 1696 3931 οὐδέτερα
1752 3854 2260 3933 ὑπερδιςύλλαβα
2312 3849 2898 3935 προπαροξύνεται,
2956 3853 3259 3937 Ν,αύλο-

572 3963 637 4013 35
675 3971 843 4031 χον·
903 3951 1109 4016 οὕτως
1154 3955 1475 4031 πρότερον
1523 3955 1774 4034 Εμύρνα
1824 3956 2128 4021 ἐκαλεῖτο.
2218 3954 2506 4033 (άριχα
2559 3956 2745 4021 πόλις
2793 3953 3258 4019 Καππαδοκίας.

501 1187 534 1216 0

671 4244 771 4292 219ss
810 4243 846 4292 f,
885 4241 998 4304 ἔχει
1033 4241 1102 4291 τὸ
1140 4246 1172 4290 υ
1211 4240 1383 4305 βραχὺ
1423 4241 1511 4291 καὶ
1549 4240 1822 4293 ὀξύνεται.
1868 4243 2193 4307 Harpocrat.
2235 4244 2344 4299 164,
2383 4245 2448 4293 25
2486 4242 2721 4305 (phou),
2784 4243 2975 4292 Canon
3014 4241 3132 4291 sine
3169 4257 3263 4290 ex-

674 4310 1021 4375 ceptionibus
1058 4310 1198 4359 bene
1239 4310 1587 4375 procederet,
1630 4310 1674 4359 si
1712 4310 1978 4359 traditum
2016 4310 2160 4360 foret
2196 4311 2448 4361 verbalia
2485 4312 2638 4372 aeui,
2679 4310 2893 4375 reliqua
2929 4308 3165 4374 gravari.

674 4377 709 4426 l.
748 4380 778 4426 2
816 4378 873 4426 in
909 4377 1094 4441 glossa
1126 4382 1382 4442 corrupta
1419 4378 1687 4442 Hesychii
1722 4377 1939 4428 Λεκτόν
1986 4376 2066 4429 ὡς
2102 4377 2270 4440 ςεμόν
2314 4378 2350 4442 ἣ
2387 4376 2772 4442 ἀκρωτήριον,
2821 4394 2981 4442 quam
3017 4376 3262 4427 Meinek.

676 4445 933 4495 emendat
968 4443 1173 4494 λεκτόν
1210 4442 1289 4495 ὡς
1325 4444 1554 4508 ςεμνόν,
1594 4443 1807 4496 Λέκτον
1846 4443 1894 4497 εἰ
1932 4444 2308 4510 ἀκρωτήριον,
2348 4445 2644 4495 discrimen
2681 4451 2940 4496 accentus
2977 4444 3266 4507 statuitur,

678 4512 850 4577 quod,
889 4517 1155 4576 quantum
1189 4528 1335 4563 nunc
1373 4513 1556 4563 videre
1596 4513 1741 4569 lieet,
1779 4514 2128 4564 Herodianus
2166 4529 2291 4563 num
2328 4515 2613 4579 agnoverit
2648 4512 2870 4562 dubium
2908 4518 3011 4563 est.
3050 4509 3269 4562 Ῥάπτα

677 4578 746 4630 οἱ
783 4579 862 4629 St.
900 4580 962 4629 B.
1001 4583 1258 4645 apposui,
1298 4580 1366 4629 de
1403 4579 1609 4642 γέντον
1647 4581 1719 4631 cf.
1757 4580 2005 4631 Schmidt
2048 4581 2115 4631 ad
2152 4581 2393 4646 Hesych.
2431 4598 2472 4635 s,
2510 4598 2593 4642 v-‚
2639 4578 2889 4645 ςπάρτον
2926 4580 3160 4630 accessit
3195 4596 3269 4630 ex

679 4649 780 4712 Ep.
819 4648 907 4696 Cr.
943 4649 970 4697 I
1006 4650 1124 4710 387,
1162 4652 1252 4712 20,
1291 4645 1552 4711 Επάρτον
1590 4665 1655 4699 ex
1693 4650 1774 4702 St.
1813 4650 1872 4699 B.
2078 4650 2111 4697 l.
2149 4651 2180 4698 8
2224 4649 2444 4698 nomina
2489 4648 2617 4697 inde
2665 4650 2735 4698 ab
2772 4647 3050 4711 Ἔμβατον
3086 4661 3269 4711 usque

679 4715 748 4764 ad
784 4714 944 4764 finem
981 4720 1197 4781 sumpta
1234 4720 1364 4766 sunt
1400 4732 1467 4765 ex
1503 4717 1581 4769 St.
1610 4716 1671 4766 B.
1709 4723 1931 4782 praeter
1968 4714 2209 4780 ἑρπετόν
2246 4714 2481 4766 ἐνδυτόν
2515 4715 2823 4766 δελτωτόν.
2961 4715 2995 4764 l.
3020 4716 3088 4766 34
3119 4714 3272 4765 hunc

681 4797 942 4832 canonem
977 4800 1046 4833 ex
1081 4785 1392 4834 nominibus
1427 4800 1461 4834 a
1499 4782 1580 4833 St.
1617 4785 1678 4833 B.
1716 4784 1947 4848 prolatis
1982 4785 2277 4848 composui.
