3664 5546
1215 330 1374 387 ΠΕΡΙ
1415 328 1809 386 ΚΑΘΟΛΙΚΗ(
1845 327 2269 384 ΠΡΟΕΩίΔΙΑ(
2309 328 2371 383 Η.
2951 327 3070 392 197

483 507 558 572 τὸ
625 506 696 570 δὲ
761 503 1079 585 μάρτυρος
1142 501 1535 581 ἠκολούθηςε
1596 508 1689 587 τῷ
1743 502 2024 583 ἄργυρος
2036 551 2056 586 ,
2121 503 2197 567 τὸ
2255 500 2557 580 Χάροπος
2617 506 2710 584 τῷ
2762 500 3068 583 Ἄροπος,

483 609 876 687 Ἀςτέροπος
964 604 1136 671 οὕτω
1179 605 1281 669 καὶ
1323 605 1399 670 τὸ
1441 605 1687 694 Ἴβηρος
1730 611 1823 689 τῷ
1868 605 2109 684 ὅμηρος
2153 604 2422 684 ςίδηρος.
2483 603 2559 669 τὸ
2605 604 2676 668 δὲ
2722 601 3070 681 Τροίζηνος

483 710 612 776 ἀπὸ
658 710 929 789 Τροιζήν
976 706 1288 774 ὀξυτόνου
1345 706 1434 772 εἰς
1490 706 1770 787 ἰδιότητα
1816 707 2151 787 βαρύνεται
2207 706 2298 772 ὡς
2352 708 2457 771 καὶ
2498 706 2575 771 τὸ
2619 705 2916 770 Φύλακος
2959 705 3065 769 κύ-

483 833 641 891 ριον.
712 812 789 875 Ἄ
803 817 838 893 β
850 814 887 875 λ
901 833 938 890 η
956 832 991 890 ρ
1006 831 1043 874 ο
1058 831 1089 874 ς
1145 811 1382 888 κύριον.
1456 809 1741 889 Ὅμηρος
1797 810 2144 889 «Ἄβληρον
2202 808 2474 889 ἐνήρατο
2532 809 2716 887 δουρὶ
2770 814 3021 892 φαεινῷ
3038 833 3078 876 ».

481 915 563 995 (Ζ
601 912 729 996 32).
803 913 1009 991 Ψένη
1026 932 1062 990 ρ
1077 932 1114 975 ο
1130 932 1162 975 ς
1226 910 1530 987 Αἰγυπτία
1599 912 1793 992 κώμη.
1879 911 1924 975 Κ
1940 910 1977 974 ύ
1993 916 2078 989 Θη
2095 931 2226 990 ρος
2292 910 2330 975 ὁ
2393 909 2690 976 Φοίνικος
2705 960 2723 993 ,
2792 909 2917 991 ἀφ’
2982 909 3062 975 οὗ
3091 919 3124 967 5

485 1017 735 1097 Κύθηρα
790 1018 980 1094 νῆςος
992 1064 1010 1098 ,
1074 1014 1178 1078 καὶ
1231 1016 1430 1092 δῆμος
1491 1017 1617 1092 τῆς,
1659 1013 2091 1079 Πανδιονίδος
2154 1015 2379 1094 φυλῆς.
2466 1013 2530 1077 Δ
2547 1012 2618 1089 ίγ
2632 1035 2669 1093 η
2685 1034 2720 1092 ρ
2737 1034 2775 1077 ο
2789 1034 2821 1077 ς
2876 1012 3064 1078 ἔθνος

481 1119 776 1202 Θρᾴκιον.
820 1116 1145 1196 Πολύβιος
1190 1115 1286 1192 ιγ’.
1331 1116 1394 1179 Δ
1410 1115 1428 1178 ί
1442 1121 1474 1184 ζ
1486 1138 1526 1195 η
1541 1137 1576 1195 ρ
1590 1137 1628 1181 ο
1643 1137 1674 1182 ς
1718 1116 2008 1196 ποταμὸς
2048 1115 2404 1193 Ἰλλυρίδος.
2449 1115 2809 1196 Λυκόφρων
2839 1112 3065 1197 (1026)

483 1247 509 1279 «
523 1221 588 1285 οἳ
631 1220 795 1299 πρὸς
840 1221 1019 1299 βαθεῖ
1060 1218 1371 1284 νάςςαντο
1416 1218 1703 1298 Διζήρου
1747 1217 1933 1300 πόρῳ
1951 1242 1996 1281 ».
2082 1216 2231 1282 ἴςως
2276 1217 2407 1283 ἀπὸ
2464 1221 2581 1283 τοῦ
2626 1217 2900 1296 δίζηςθαι
2945 1219 3062 1296 τὴν

482 1323 768 1400 Μήδειαν
825 1319 1214 1400 ὀνομαςθείς.
1300 1321 1363 1384 Δ
1377 1319 1414 1383 ό
1430 1325 1515 1401 βη
1531 1340 1566 1399 ρ
1581 1341 1619 1385 ο
1634 1341 1664 1384 ς
1718 1319 1906 1385 πόλις
1950 1319 2276 1384 Παιονίας.
2356 1319 2401 1383 Ι(
2415 1319 2457 1384 ά
2469 1322 2506 1384 λ
2518 1341 2557 1399 η
2572 1340 2607 1399 ρ
2623 1339 2661 1384 ο
2675 1341 2706 1384 ς
2755 1320 3062 1402 βαςιλεύς,

478 1424 574 1505 ἀφ
586 1424 604 1447 ³
663 1422 742 1488 οὗ
785 1423 825 1502 ἡ
882 1422 1440 1502 Ἀλωπεκόννηςος
1503 1422 1791 1487 ἐκαλεῖτο
1863 1422 2166 1501 Κάληρος.
2277 1420 2367 1486 (τ
2380 1442 2410 1486 ε
2424 1443 2461 1486 ν
2476 1421 2513 1486 ύ
2527 1444 2562 1486 κ
2575 1425 2610 1486 λ
2624 1443 2661 1500 η
2675 1443 2711 1500 ρ
2727 1442 2763 1486 ο
2778 1443 2810 1486 ς
2874 1421 3062 1486 πόλις
3102 1431 3165 1481 10

481 1526 823 1605 Μεςςήνης.
912 1523 1260 1608 ἐρίηρος,
1304 1524 1745 1608 τριέτηρος,
1804 1524 2370 1607 πενταέτηρος,
2438 1524 3057 1604 τετραφάληρος.

476 1628 557 1692 τὰ
601 1629 818 1707 μέντοι
863 1627 969 1692 διὰ
1011 1630 1128 1691 τοῦ
1172 1646 1329 1705 ηρος
1384 1627 1543 1705 ὑπὲρ
1589 1626 1711 1691 δύο
1741 1627 2054 1706 ςυλλαβὰς
2085 1626 2402 1692 ἐπιθετικὰ
2446 1626 2682 1705 ἔχοντα
2717 1648 2831 1692 κατ
2845 1627 2860 1650 '
2896 1626 3060 1692 ἰδίαν

477 1731 720 1810 θηλυκὰ
785 1730 1106 1812 ὀξύνεται,
1173 1729 1557 1811 λυπηρός,
1632 1727 2102 1811 ἀταρτηρός,
2173 1728 2542 1811 τυχηρός,
2586 1728 3059 1812 [ὀλιςθηρός,

476 1832 844 1915 ποιηρός,
909 1830 1227 1912 ἀτηρός,
1292 1829 1666 1913 ἀλγηρός,
1732 1830 2148 1913 πνῖγηρός,
2203 1829 2577 1913 ἀνθηρός,
2636 1832 3059 1914 τολμηρός,

475 1956 524 2000 π
536 1956 566 2000 ε
579 1956 617 2001 ν
633 1940 670 1999 θ
685 1956 724 2014 η
735 1953 772 2014 ρ
786 1934 824 1998 ό
838 1955 870 1998 ς
915 1933 1021 1998 ἐπὶ
1060 1933 1307 2014 ἱματίου
1353 1933 1628 2013 με’λανος
1671 1932 1801 2013 ἔφη
1845 1931 2169 1999 Ἀναξίλας
3100 1944 3161 1994 15

778 2038 844 2100 Α.
891 2036 1046 2116 φέρ’
1091 2034 1238 2099 αὔτ’
1282 2033 1532 2100 ἀνύςας.
1622 2035 1684 2099 Β.
1730 2034 1883 2099 ἀλλ’
1926 2034 2054 2098 ἑςτὶ
2093 2035 2416 2114 πενθηρὸν
2458 2034 2648 2100 πάνυ.

474 2138 948 2221 καματηρός,
993 2136 1452 2220 αἱματηρὸς,
1497 2136 1819 2220 ἀςηρός,
1866 2136 2212 2220 ςιγηρός,
2252 2135 2735 2216 ἀγροικηρός
2780 2137 2910 2203 ἀπὸ
2941 2143 3058 2203 τοῦ

475 2242 776 2321 ἄγροικος
823 2239 1249 2319 «ἀγροικηρὴν
1296 2239 1486 2319 φύειν
1500 2264 1544 2303 ».
1632 2238 2001 2321 ὀτρηρός,
2049 2236 2128 2302 οὗ
2172 2239 2247 2304 τὸ
2292 2238 2569 2318 θηλυκὸν
2615 2239 2854 2319 ὀτρηρή
2902 2242 3057 2306 «τὸν

475 2346 542 2410 δ’
573 2343 710 2409 αὖτ’
741 2342 977 2423 ὀτρηρὴ
1007 2341 1235 2421 ταμίη»
1280 2341 1362 2424 (Ζ
1390 2341 1560 2422 381).
1618 2341 1823 2407 ἰςτέον
1871 2342 1941 2405 δὲ
1987 2340 2192 2406 ὅτιτὸ
2237 2340 2583 2422 πόνηρος
2628 2342 2730 2405 καὶ
2774 2342 3055 2422 μόχθη-

475 2433 609 2524 ρος
654 2444 715 2509 οἱ
760 2445 1028 2509 Ἀττικοὶ
1071 2442 1213 2509 ἀντὶ
1253 2447 1371 2507 τοῦ
1415 2441 1667 2510 ὀξύνειν
1697 2439 2329 2525 προπαροξύνουςιν,
2374 2442 2531 2508 ὅταν
2576 2443 2693 2508 τὸν
2738 2444 3054 2510 ἐπίπονον
3090 2457 3158 2508 20

473 2548 576 2612 καὶ
618 2546 969 2627 ἑπίμοχθον
1014 2544 1307 2628 ςημαίνῃ,
1351 2544 1458 2609 ἐπὶ
1500 2546 1572 2609 δὲ
1614 2548 1745 2609 τῶν
1790 2545 1950 2609 κατὰ
1993 2545 2210 2624 ψυχὴν
2253 2544 2528 2624 φαύλων
2574 2543 2927 2613 ὀξύνουςιν.

470 2806 559 2856 Pr.
596 2802 637 2857 Β
673 2806 771 2855 347
809 2808 866 2854 et
899 2804 998 2853 672
1034 2801 1378 2853 concinnavi.
1413 2826 1480 2856 r·-
1515 2798 1791 2865 Ἄβληρος
1829 2801 2067 2852 accessit
2102 2816 2170 2852 ex
2192 2801 2297 2867 Ep.
2326 2799 2413 2856 Cr.
2451 2803 2481 2853 Ι
2509 2804 2628 2868 335,
2665 2806 2713 2862 2,
2749 2804 2814 2853 Ε.
2837 2806 2910 2859 Μ.
2938 2808 3056 2868 660,

469 2876 535 2925 49
574 2872 691 2937 (ubi
726 2870 1003 2936 Ἀβληρος
1038 2868 1231 2934 κύριον
1267 2875 1326 2921 et
1359 2867 1634 2932 Ἀβδηρος
1671 2867 1923 2933 Αὔδηρος
1958 2867 2160 2934 τόπος)
2199 2875 2258 2920 et
2289 2870 2392 2920 An.
2418 2871 2518 2925 Ox.
2544 2870 2599 2921 11
2634 2874 2752 2936 326,
2788 2876 2871 2932 21,
2908 2875 3053 2925 unde

469 2943 644 2994 verba
678 2940 972 2991 Homerica
1007 2939 1259 3004 apposui.
1304 2935 1555 3002 Ψένηρος
1578 2965 1644 2972 -
1670 2935 2057 3002 (τενύκληρος
2095 2953 2163 2987 ex
2187 2937 2268 2989 St.
2304 2937 2399 3000 Β.,
2437 2936 2658 3003 ἐρίηρος
2695 2957 2762 2990 ex
2785 2942 3052 3007 Theogn.,

470 3008 705 3075 ποιηρός
740 3036 805 3043 -
844 3005 1125 3072 πενθηρός
1162 3022 1229 3057 ex
1264 3005 1448 3057 Dichr.
1489 3007 1606 3069 294,
1645 3008 1725 3068 14,
1763 3004 2085 3075 καματηρός
2109 3032 2174 3040 --
2199 3003 2403 3070 ἀςηράς
2440 3023 2507 3058 ex
2531 3007 2793 3077 Theogn„
2829 3010 3052 3075 ςιγηρός

469 3084 526 3130 et
559 3075 891 3143 ἀγροικηρός
927 3092 994 3127 ex
1031 3074 1112 3128 St.
1137 3076 1201 3129 B.
1239 3089 1284 3129 s.
1321 3072 1506 3138 ἀγρός.
1612 3074 1648 3124 l.
1688 3075 1751 3124 18
1785 3071 2028 3139 ὀτρηρός
2067 3090 2136 3123 ex
2169 3074 2271 3139 Ep.
2312 3074 2401 3125 Cr.
2438 3073 2467 3124 I
2500 3073 2618 3137 304,
2655 3079 2738 3137 22,
2776 3079 2871 3128 ubi
2904 3078 3050 3129 idem

469 3162 646 3198 canon
682 3145 1021 3211 proponitur.
1057 3170 1124 3179 —
1158 3142 1194 3191 1.
1219 3145 1285 3193 20
1319 3138 1595 3193 ἐπίπονον
1631 3142 1830 3208 scripsi
1866 3158 1964 3207 pro
2000 3138 2272 3204 ἐπίμονον
2308 3147 2365 3192 et
2400 3144 2458 3193 in
2493 3142 2599 3193 fine
2635 3144 2827 3195 addidi
2861 3144 2955 3197 ἐπὶ
2990 3147 3052 3198 δὲ

468 3217 590 3266 τῶν
627 3211 770 3266 κατὰ
805 3213 922 3265 κτλ.
960 3228 1028 3263 ex
1062 3209 1320 3262 Eustath.
1358 3212 1476 3272 341,
1514 3212 1579 3259 14
1615 3208 1897 3273 (Favorin.
1936 3211 2055 3272 326,
2093 3211 2206 3274 20);
2247 3211 2361 3261 πᾶν
2397 3208 2476 3263 εἰς
2511 3211 2612 3275 ρῖῐὲ
2646 3212 2823 3277 λῆγον
2860 3213 3050 3279 παρώ-

468 3297 673 3346 νυμον,
711 3277 1294 3346 παρεςχηματιςμένον
1329 3280 1449 3329 τοῖς
1483 3275 1698 3341 γένεςιν
1734 3276 2009 3329 ὀξύτονόν
2053 3274 2164 3328 ἐςτι
2201 3277 2334 3330 καθ’
2368 3278 2730 3344 Ἡρωδιανόν.
2778 3280 2891 3346 διό,
2916 3282 3056 3347 φηςί

469 3351 567 3409 (sc.
593 3351 860 3415 Trypho),
897 3346 946 3401 εί
980 3348 1071 3399 καὶ
1108 3346 1356 3413 πόνηρος
1394 3345 1495 3410 μὲν
1532 3346 1623 3398 καὶ
1659 3344 1939 3411 μόχθηρος
1977 3344 2301 3411 βαρυτόνως
2340 3346 2432 3398 ἐπὶ
2466 3349 2588 3401 τῶν
2625 3347 2922 3401 ἐπιπόνων
2959 3352 3051 3402 καὶ

468 3418 923 3482 ὑπομενετικῶν,
971 3414 1219 3480 πονηρός
1269 3413 1329 3466 δὲ
1376 3414 1468 3466 καὶ
1513 3414 1791 3481 μοχθηρός
1841 3413 1935 3465 ἐπὶ
1978 3416 2100 3464 τῶν
2145 3415 2289 3467 κατὰ
2333 3416 2522 3481 ψυχὴν
2576 3415 2846 3482 φαύλων,
2907 3417 3051 3470 ἀλλὰ

468 3488 642 3538 τοῦτο
687 3483 790 3536 οὐκ
838 3484 930 3548 εὖ,
977 3486 1034 3535 in
1089 3484 1286 3548 quibus
1327 3482 1533 3535 Velsen
1574 3483 1928 3534 Eustathium
1972 3498 2091 3533 cum
2135 3483 2431 3549 Tryphone
2477 3486 2856 3537 Herodianum
2910 3504 3050 3537 com·

468 3555 754 3605 miscuisse
788 3552 1150 3619 probabiliter
1192 3552 1417 3603 coniicit
1452 3568 1504 3617 p.
1542 3553 1622 3601 18.
1691 3553 1777 3601 Ex
1822 3550 2011 3601 eodem
2059 3552 2212 3602 fonte
2258 3552 2415 3602 fluxit
2460 3554 2563 3620 Ep.
2602 3556 2691 3606 Cr.
2728 3555 2755 3604 1
2790 3557 2916 3617 372,
2959 3557 3047 3604 12:

467 3620 729 3743 3335?ss
755 3616 1648 3752 ὁτέαὲᾖλῒὲἔΫπὲῗἉῖἰἬὶωὸ
1662 3618 1755 3752 μῖῗ
1790 3617 3050 3754 mm?0,“p23333{⁰‘‡5322.22';“¹<ffl

469 3761 662 3824 fragm.
703 3757 855 3809 Com.
891 3755 920 3806 I
954 3756 1054 3805 216
1090 3755 1176 3805 ed.
1212 3755 1383 3819 min.).
1450 3754 1521 3807 τὸ
1567 3754 1669 3819 μὲν
1719 3754 2002 3820 πρότερον
2047 3754 2373 3820 ὀξύνοντες,
2418 3755 2488 3808 τὸ
2533 3757 2595 3809 δὲ
2642 3756 2735 3810 ἐπὶ
2768 3760 2873 3823 τῆς
2911 3775 3045 3824 προ-

468 3822 766 3891 μνηςτρίας
800 3824 870 3875 τὸ
906 3822 1173 3886 δεύτερον
1211 3823 1676 3887 βαρυτονοῦντες·
1721 3824 1843 3874 τῶν
1881 3822 1983 3887 μὲν
2029 3822 2136 3889 γὰρ
2178 3823 2315 3876 τοὺς
2359 3824 2608 3890 τρόπους
2655 3825 2976 3890 ὁριζόμενος
3014 3828 3046 3878 ό

465 3896 667 3961 δῆμος,
704 3895 807 3958 τῆς
844 3891 905 3943 δὲ
940 3888 1181 3942 αἰτιᾶται
1218 3890 1408 3952 (Mein.
1442 3907 1539 3956 pro
1574 3889 1905 3957 αἰτιατικῆς)
1945 3889 2024 3942 ὡς
2059 3889 2123 3942 ἐν
2160 3890 2405 3959 λοιδορίᾳ
2439 3892 2547 3957 τὴν
2581 3893 2776 3961 τύχην.
2829 3893 2883 3946 οἱ
2921 3894 3046 3959 μέν·

466 3978 553 4015 τοι
588 3960 858 4026 νεώτεροι
892 3961 996 4025 τῆς
1031 3955 1330 4025 κωμῳδίας
1366 3959 1593 4023 ποιηταὶ
1627 3959 2006 4025 γλιςχρότεροι
2041 3959 2399 4013 διαλύςαντες
2433 3960 2504 4013 τὸ
2542 3961 2722 4027 ὄνομα
2759 3963 3046 4027 πονηροὺς

466 4030 772 4096 ἐξήνεγκαν
808 4027 943 4080 τοὺς
978 4026 1232 4093 ἐρῶντας
1268 4025 1420 4091 παρὰ
1455 4026 1523 4077 τὸ
1561 4030 1757 4079 πονεῖν
1794 4027 1857 4078 ἐν
1891 4031 1975 4094 τῷ
2014 4026 2163 4092 ἐρᾶν.
2213 4029 2501 4080 Caeterum
2536 4048 2605 4081 ex
2630 4031 2887 4081 Eustath.
2925 4030 3045 4082 loco

465 4103 700 4166 apparet
745 4095 1118 4147 Herodianum
1171 4094 1449 4145 iudicasse
1500 4112 1662 4147 voces
1707 4109 1956 4162 πονηρος
2011 4101 2068 4146 et
2115 4097 2395 4162 μοχθηρος
2451 4097 2520 4148 ab
2568 4101 2771 4150 Atticis
2823 4104 3048 4164 propter

465 4169 777 4219 sententiae
824 4164 1120 4215 discrimen
1166 4163 1386 4214 diverso
1429 4169 1664 4214 accentu
1708 4165 2006 4230 insignitas
2051 4180 2197 4222 esse,
2255 4181 2432 4231 neque
2478 4167 2878 4233 adstipulatum
2924 4183 3045 4219 esse

464 4235 770 4302 Tryphoni,
819 4234 913 4298 qui
955 4232 1315 4298 barytonesin
1359 4230 1560 4282 Atticis
1605 4231 1757 4282 nullo
1798 4231 2117 4281 intellectus
2163 4233 2477 4284 discrimine
2523 4241 2751 4302 propter
2803 4235 3045 4300 ipsorum

464 4302 918 4355 consuetudinem
967 4299 1236 4367 gravandi
1279 4300 1612 4365 assignavit.
1690 4301 1935 4352 Ammon.
1977 4301 2105 4357 116,
2140 4304 2171 4349 5
2226 4299 2480 4365 πόνηρον
2537 4302 3042 4367 βαρυτονούμενον,

466 4372 544 4424 ὡς
580 4370 837 4423 ςόλοικον
872 4368 963 4420 καὶ
1001 4366 1254 4433 πονηρόν
1291 4367 1739 4431 ὀξυτονούμενον
1786 4366 1863 4419 ὡς
1901 4365 2166 4429 κυδοιμόν
2215 4368 2348 4432 φαςί
2392 4367 2678 4434 διαφέρειν
2725 4371 2877 4436 παρὰ
2924 4375 3044 4423 τοῖς

467 4439 763 4503 Ἀττικοῖς,
802 4434 1012 4502 ὁμοίως
1047 4436 1331 4501 μόχθηρον
1367 4434 1458 4487 καὶ
1496 4434 1793 4501 μοχθηρόν.
1842 4433 2091 4500 πονηρός
2125 4434 2231 4500 γάρ
2267 4435 2415 4487 ἐςτιν
2450 4435 2738 4491 ὀξυτόνως
2773 4438 2807 4491 ὁ
2842 4439 3044 4503 κακοή-

465 4510 596 4573 θης,
635 4506 886 4572 πόνηρος
929 4505 990 4557 δὲ
1036 4505 1069 4558 ὁ
1114 4502 1401 4557 ἐπίπονος.
1478 4502 1761 4565 Ἀτόπως,
1810 4503 1945 4568 φηςὶ
1982 4501 2260 4568 Τρύφων,
2311 4504 2401 4555 καὶ
2444 4504 2550 4569 γὰρ
2593 4506 2666 4558 τὰ
2710 4508 2902 4571 φαῦλα
2950 4507 3044 4571 μό-

463 4578 641 4640 χθηρα
667 4573 927 4638 λέγομεν·
970 4572 1113 4625 κατὰ
1147 4573 1206 4626 δ’
1238 4572 1514 4637 ὀξύτητα,
1552 4568 1714 4637 φηςί,
1753 4572 1843 4623 καὶ
1877 4570 1976 4623 ἐπ’
2000 4570 2267 4637 ἀψύχων,
2307 4574 2588 4638 μοχθηρᾶς
2624 4573 2690 4636 γέ
2725 4589 2812 4626 τοι
2838 4575 3041 4640 τέχνης

462 4640 846 4708 δημιούργημά
880 4655 1066 4707 φαμεν
1103 4641 1262 4694 εἶναι.
1334 4639 1383 4693 εί
1417 4641 1486 4705 δὴ
1522 4638 1736 4692 ταύτοῦ
1778 4639 1964 4692 τύπου
2000 4638 2443 4706 κεκοινώνηκεν,
2482 4639 2656 4705 ἄμφω
2694 4640 2910 4707 ὀφείλει
2951 4646 3042 4696 καὶ

466 4713 585 4761 τῶν
620 4710 816 4761 αὐτῶν
852 4708 1041 4761 τόνων
1080 4708 1345 4774 μετέχειν.
1418 4709 1506 4761 ὅτι
1544 4707 1629 4774 [δὲ
1665 4707 1769 4773 δεῖ]
1809 4707 2125 4772 ὀξυτονεῖν,
2175 4707 2398 4761 ἀπαιτεῖ
2446 4708 2477 4761 ὁ
2524 4708 2692 4774 λόγος
2727 4714 2830 4762 τοῦ
2878 4726 3042 4776 χαρα-

464 4780 669 4842 κτῆρος
693 4776 816 4845 (pro
843 4777 930 4845 βίᾳ
954 4775 1239 4844 ἀνάγκης).
1287 4779 1401 4830 πᾶν
1433 4777 1540 4843 γὰρ
1565 4775 1911 4842 παρώνυμον
1937 4775 2015 4829 εἰς
2051 4779 2185 4842 ἠρῗς
2211 4777 2388 4843 λῆγον
2413 4778 3040 4844 παραςχηματιζόμενον

463 4849 582 4897 τοῖς
615 4845 830 4910 γένεςιν
865 4845 1211 4901 ὀξυτονεῖται
1246 4842 1369 4901 οἷον
1414 4843 1661 4911 κάματος
1705 4845 2053 4912 καματηρός,
2101 4845 2321 4899 ὀλιςθος
2368 4846 2686 4913 ὀλιςθηρός,
2734 4845 2856 4912 μέλι
2894 4849 3040 4913 μελι-
