3664 5546
1192 264 1351 320 ΠΕΡΙ
1393 264 1785 320 ΚΑΘΟΛΙΚΗΕ
1820 261 2244 320 ΠΡΟΕΩιΔΙΑΕ
2283 265 2361 318 ΙΑ.
2867 319 2880 342 ,
2950 264 3078 328 269

488 436 678 515 φηςίν
724 436 1116 514 «Ἀρέθουςαι
1164 436 1235 501 δέ
1279 435 1431 501 εἰςιν
1476 436 1704 500 ὀκτώ».
1762 434 2130 513 Ἡρακλέων
2177 436 2247 499 δὲ
2294 434 2332 498 ὁ
2380 434 2663 499 Γλαύκου
2707 436 2824 512 τὴν
2875 434 3075 513 αὐτὴν

487 536 1017 617 ὑπομνηματίζων
1062 538 1283 620 φηςίν,
1340 536 1478 615 ἄρω
1524 537 1650 602 ἐςτὶ
1692 538 1768 602 τὸ
1812 537 2084 618 ποτίῑω,
2141 535 2267 616 ἀφ’
2311 534 2391 601 οὗ
2437 536 2615 616 ἄρδω
2660 536 3076 619 παράγωγον,

487 639 556 703 ἐκ
598 640 834 704 τούτου
879 638 1091 718 ἀρέθω
1150 639 1238 704 ὡς
1294 639 1518 718 φλέγω
1563 640 1892 720 φλεγέθω,
1949 638 2075 717 ἀφ’
2122 635 2202 702 οὗ
2246 641 2414 704 πᾶςα
2458 639 2656 718 κρήνη
2713 640 3077 703 ἐπιθετικῶς

487 735 658 806 οὕτω
705 741 970 817 λέγεται.
1059 740 1097 804 ὁ
1141 744 1303 816 γοῦν
1351 739 1648 819 Χοιρίλος
1692 741 1762 805 ἐν
1807 741 1868 805 α’
1912 741 2241 818 Περςικῶν

889 843 1064 922 παρὰ
1110 844 1182 906 δὲ
1227 842 1463 920 κρήνας
1507 840 1860 920 ἀρεθούςας
2868 916 2877 924 .
3111 849 3146 900 5

1059 943 1248 1024 μυρία
1291 943 1453 1022 φῦλ’
1497 943 1789 1008 ἐδονεῖτο
1836 946 2291 1024 πολυςμήνοιςι
2336 945 2660 1024 μελίςςαιςτ

485 1046 611 1110 ἔςτι
665 1047 768 1110 καὶ
822 1046 1009 1110 πόλις
1066 1044 1290 1124 (υρίας
1342 1045 1446 1108 καὶ
1499 1044 1750 1127 Θρᾴκης
1805 1046 1909 1109 καὶ
1960 1045 2241 1125 Εὐβοίας.
2329 1045 2669 1111 Αἴθουςα
2723 1047 2797 1110 τὸ
2854 1046 3078 1124 κύριον

486 1147 590 1211 ἐπὶ
643 1151 755 1225 τῆς
812 1148 1127 1225 θυγατρὸς
1181 1146 1592 1212 Ποεειδῶνος
1648 1143 1752 1210 καῖ
1796 1146 2183 1230 Ἀλκυόνης,
2249 1147 2412 1226 ὅπερ
2473 1148 2632 1212 κατά
2693 1167 2870 1211 τινας
2913 1148 2986 1211 ἓν
3043 1147 3076 1210 Ξ

427 1303 432 1308 .
484 1249 613 1328 ἔχει
629 1298 648 1332 ,
693 1248 1084 1329 Φέρουςα,
1138 1250 1242 1311 καὶ
1295 1252 1488 1312 τοῦτο
1536 1248 1642 1311 ἐπὶ
1684 1250 1827 1326 μιᾶς
1882 1252 2013 1313 τῶν
2062 1249 2397 1328 Νηρηίδων
2444 1248 2777 1327 «Φέρουςά
2827 1269 2896 1312 τε
2940 1249 3075 1312 Δυ-

485 1350 724 1429 ναμένη
754 1370 864 1414 τε»
913 1347 988 1432 (Ε
1014 1349 1142 1429 43).
1194 1349 1418 1414 Ἴωνος
1447 1351 1518 1413 δὲ
1549 1352 1665 1413 τοῦ
1695 1348 1960 1414 Ξούθου
1991 1349 2432 1431 ἀναγράφεται
2462 1352 2662 1430 μήτηρ
2697 1350 3076 1432 Κρέουςα,
3118 1359 3179 1410 ιο

485 1450 842 1531 ὁμωνύμως
888 1452 957 1516 δε
1002 1451 1199 1534 ταύτῃ
1243 1451 1347 1515 καὶ
1387 1450 1639 1516 Αἰνείου
1683 1452 1864 1530 γυνή.
1955 1452 2319 1518 Μέδουςα
2375 1451 2483 1532 μία
2530 1456 2662 1517 τῶν
2719 1453 3075 1530 Γοργόνων.

861 1552 1094 1617 (τεινώ
1135 1551 1202 1615 τ’
1242 1551 1531 1630 Εὐρυάλη
1575 1572 1643 1616 τε
1686 1552 1988 1618 Μέδουςόι
2027 1575 2094 1618 τε
2139 1555 2343 1633 λυγρὰ
2382 1558 2673 1619 παθοῦςα

488 1652 790 1738 (Hesiod.
823 1652 1074 1736 Theog.
1104 1651 1274 1733 276).
1333 1653 1754 1719 Θάλπουςα
1792 1655 1980 1720 πόλις
2007 1659 2119 1733 τῆς
2150 1656 2476 1733 Ἀρκαδίας
2513 1660 2631 1720 τοῦ
2662 1656 3075 1735 Ὀρχομενοῦ.

486 1757 879 1825 (ώζουςαι
933 1756 1154 1819 πόλεις
1204 1757 1376 1833 τρεῖς
1418 1754 1713 1834 Φοινίκης
1757 1756 2041 1821 Πιςιδίας
2089 1759 2197 1850 καὶ
2239 1758 2581 1823 Αἰθιοπίας.
2657 1757 3077 1835 Μύρτουςα

486 1857 642 1936 ὄρος
671 1858 917 1937 Λιβύης.
976 1855 1435 1921 Καλάθουςα
1478 1857 1665 1921 πόλις
1710 1861 1827 1921 τοῦ
1859 1858 2122 1923 Πόντου
2168 1861 2271 1924 καὶ
2314 1861 2500 1924 πόλις
2546 1859 2626 1923 οὐ
2671 1858 2898 1936 πόρρω
2941 1861 3073 1922 τῶν
3115 1868 3177 1919 15

484 1958 872 2038 Ἡρακλείων
920 1960 1197 2040 ςτηλῶν,
1250 1957 1574 2023 Ἑκαταῖος
1634 1960 1705 2022 δὲ
1757 1959 2030 2043 Εὐρώπῃ
2080 1960 2370 2040 Καλάθην
2423 1961 2622 2039 αὐτὴν
2675 1963 2869 2024 καλεῖ.
2946 1958 3075 2022 Οἷ-

481 2080 757 2126 νουςα·
804 2060 1011 2125 οὕτως
1041 2060 1331 2124 ἐκαλεῖτο
1361 2060 1400 2137 ἡ
1436 2060 1798 2138 Καρχηδὼν.
1872 2062 2306 2140 Κοχλίουςα
2349 2066 2537 2142 νῆςος
2567 2063 2731 2139 πρὸς
2757 2067 2834 2145 τῇ
2864 2060 3075 2145 Λυκίᾳ.

482 2162 897 2240 Ἀλέξανδρος
939 2161 1220 2244 δευτέρῳ
1264 2163 1409 2239 περὶ
1452 2161 1680 2226 Λυκίας
1736 2164 1843 2226 διὰ
1886 2165 1962 2227 τὸ
2007 2164 2285 2242 κοχλοὺς
2336 2166 2407 2229 ἐν
2463 2164 2624 2247 αὐτῇ
2677 2163 3072 2242 εύρίςκεςθαι.

486 2264 938 2343 Κράμβουςα
967 2266 1158 2341 νῆςος
1201 2263 1348 2341 περὶ
1393 2262 1764 2328 (ελεύκειαν
1809 2269 1921 2342 τῆς
1955 2265 2266 2343 Ἰςαυρίας.
2314 2265 2610 2345 (τράβων
2659 2265 2735 2329 ιδ’
2782 2263 2871 2349 (Ρ.
2902 2261 3072 2344 670).
3139 2305 3154 2323 .

480 2365 880 2430 Πιτύουςα
909 2366 951 2443 ἡ
981 2364 1243 2442 ὕςτερον
1273 2364 1561 2444 Φάςηλις.
1595 2364 1802 2430 οὕτως
1834 2367 1936 2430 καὶ
1964 2365 2002 2443 ἡ
2034 2366 2383 2445 Λάμψακος
2415 2366 2610 2430 πάλαι
2641 2366 2951 2447 ἐκαλεῖτο,
2984 2365 3075 2429 ὡς
3108 2375 3177 2427 20

480 2467 769 2545 Δηῖοχος
820 2467 858 2530 ὁ
908 2466 1260 2546 Κυζικηνός.
1340 2467 1796 2546 Κρομύουςα
1839 2470 2032 2544 νῆςος
2075 2468 2348 2548 Ἰβηρίας.
2415 2467 2739 2532 Ἑκαταῖος
2783 2466 3071 2549 Εὐρώπῃ.

483 2567 1058 2632 Πολυπόδουςα
1086 2571 1277 2646 νῆςος
1298 2571 1409 2645 τῆς
1435 2569 1697 2633 Κνιδίας.
1728 2568 2265 2649 Πορφύρουςα
2293 2570 2582 2634 ἐκαλεῖτο
2605 2572 2797 2645 νῆςος
2823 2568 3073 2646 Κύθηρα

489 2669 591 2731 διὰ
635 2670 710 2733 τὸ
756 2668 991 2734 κάλλος
1035 2674 1166 2735 τῶν
1211 2671 1358 2748 περὶ
1401 2670 1601 2750 αὐτὴν
1647 2675 2041 2753 πορφυρῶν,
2090 2672 2181 2736 ὡς
2211 2671 2656 2750 Ἀριςτοτέλης.
2703 2669 3073 2750 Ὀφίουςα

485 2769 774 2835 ἐκαλεῖτο
818 2769 857 2848 ἡ
908 2770 1148 2838 Κύθνος
1192 2775 1398 2848 νῆςος
1467 2771 1830 2849 Λάγουςα
1875 2777 2065 2852 νῆςος
2109 2775 2256 2852 περὶ
2303 2773 2564 2852 Κρήτην.
2627 2770 2925 2852 (τράβων
2953 2776 3071 2836 ’δε-

481 2872 636 2957 κάτῃ
682 2872 775 2958 (Ρ.
820 2872 999 2956 484).
1054 2875 1426 2953 Δρύουςα
1468 2877 1572 2939 καὶ
1616 2875 2085 2955 Ἀνθέμουςα
2139 2876 2428 2940 ἐκαλεῖτο
2482 2874 2803 2953 πρότερον
2849 2873 3070 2952 (ἀμος.
3107 2887 3178 2935 25

482 2973 1004 3053 (ειρήνουςαι
1062 2978 1282 3053 «νῆςοι
1337 2976 1409 3040 ἐν
1453 2983 1529 3059 τῇ
1577 2977 1799 3061 Ἰταλίᾳ
1845 2978 1993 3055 περὶ
2044 2978 2161 3041 τὸν
2214 2977 2509 3055 πορθμὸν
2566 2976 2675 3040 ἐπ’
2719 2976 2914 3054 αὐτῆς
2961 2978 3075 3054 τῆς

481 3075 676 3154 ἄκρας
740 3077 1016 3157 κείμεναι
1084 3078 1633 3155 προπεπτωκότος
1685 3079 1898 3143 τόπού
1960 3081 2064 3143 καὶ
2117 3078 2662 3158 διαλαμβάνοντος
2716 3077 2871 3142 τοὺς
2925 3077 3071 3140 κόλ-

481 3198 675 3260 πους,
740 3179 856 3243 τόν
910 3199 978 3243 τε
1032 3179 1417 3257 περιέχοντα
1478 3179 1687 3260 Κύμην
1743 3180 1849 3244 καὶ
1902 3181 2018 3245 τὸν
2070 3180 2444 3260 διειληφότα
2495 3180 2612 3258 τὴν
2668 3179 3069 3259 καλουμένην

480 3279 950 3362 Ποςειδωνίαν,
1009 3279 1080 3345 ἐν
1138 3282 1191 3363 ᾧ
1249 3281 1352 3345 καὶ
1406 3282 1572 3346 νεὼς
1628 3281 1844 3346 αὐτῶν
1893 3281 2141 3360 ἵδρυται
2187 3283 2289 3346 καὶ
2337 3286 2641 3361 τιμῶνται
2687 3282 2831 3346 καθ’
2877 3282 3069 3359 ύπερ-

482 3381 699 3461 βολήν.
745 3380 839 3446 ὧν
882 3382 987 3446 καὶ
1027 3382 1106 3445 τὰ
1150 3382 1438 3460 ὀνόματα
1480 3387 1707 3466 ταῦτα,
1751 3384 2144 3462 Παρθενόπη
2190 3385 2290 3449 καὶ
2319 3383 2638 3449 Λευκωςία
2682 3386 2784 3448 καὶ
2813 3383 3067 3459 Λίγεια»
3105 3395 3173 3445 3ο

481 3481 784 3566 (Aristot.
828 3482 1031 3546 Auso.
1075 3481 1221 3546 mir.
1269 3503 1324 3546 ο.
1378 3483 1544 3569 110).
1613 3484 1946 3550 (ίδουςα
1989 3485 2175 3550 πόλις
2218 3486 2468 3552 Ἰωνίας.
2536 3485 2860 3550 Ἑκαταῖος
2905 3486 3070 3571 Ἀςίᾳ

482 3584 596 3648 «ἐν
642 3586 713 3649 δὲ
759 3584 1024 3650 (ίδουςα
1067 3586 1312 3650 πόλις».
1378 3584 1774 3652 (κότουςα
1816 3588 2004 3652 πόλις
2060 3589 2163 3653 καὶ
2207 3587 2446 3668 χωρίον
2490 3591 2603 3665 τῆς
2646 3588 2717 3653 ἐν
2764 3588 3069 3672 Θεςςαλίᾳ

476 3686 863 3770 Πελαςγίας,
908 3689 1011 3752 καὶ
1053 3690 1491 3766 πληθυντικῶς
1537 3687 1893 3755 (κότουςαι.
1942 3690 2421 3768 Μαράθουςα
2466 3693 2655 3767 νῆςος
2699 3691 2863 3768 πρὸς
2911 3690 3068 3753 Κλα-

477 3791 790 3868 Ζομεναῑς.
868 3788 1315 3853 Μελίτουςα
1359 3789 1545 3854 πόλις
1590 3790 1905 3870 Ἰλλυρίας.
1949 3792 2277 3872 Πολύβιος
2331 3791 2830 3874 τριςκαιδεκάτω.
2907 3791 3066 3868 Μή-

479 3892 722 3954 λουςα
750 3893 956 3968 ,νῆςος
1000 3891 1158 3955 κατὰ
1186 3891 1447 3971 Ἴβηρας.
1492 3890 1813 3957 Ἑκαταῖος
1844 3893 2134 3977 Εὐρώπῃ.
2179 3893 2592 3972 Τέλφουςα
2635 3893 2822 3975 πόλις
2851 3891 3169 3969 ’Aona-*35

478 3990 613 4056 δίας
643 3990 775 4056 ἀπὸ
806 3992 1061 4072 νύμφης
1093 3993 1441 4072 λεγομένης
1469 3992 1871 4075 Τελφούςης,
1903 3995 2218 4072 θυγατρὸς
2247 3993 2570 4059 Λάδωνος.
2616 3994 3067 4058 Τεύτλουςα

477 4096 666 4169 νῆςος
711 4093 962 4158 Ἰωνίας.
1009 4094 1403 4173 Θουκυδίδης
1446 4095 1503 4174 η’
1547 4096 1628 4176 (ο.
1658 4094 1791 4177 42).
1851 4094 2217 4158 Φάκουςα
2261 4096 2437 4173 κώμη
2483 4095 2713 4174 μεταξὺ
2743 4094 3065 4169 Αἰγύπτου

476 4196 578 4258 καὶ
619 4198 729 4273 τῆς
760 4194 1057 4273 Ἐρυθρᾶς
1086 4194 1410 4274 θαλάςςης.
1458 4195 1755 4277 (τρὰβων
1803 4196 1876 4263 ιζ’
1907 4196 1997 4280 (Ρ.
2031 4192 2201 4273 805).
2248 4194 2572 4260 Ἑκαταῖος
2617 4197 2689 4258 δὲ
2718 4194 3066 4258 Φακόεςςαι

477 4296 582 4359 καὶ
633 4296 1013 4363 Φακοέςςαις
1069 4298 1234 4377 φηςί.
1308 4299 1411 4361 καὶ
1463 4298 1781 4362 Φάκουςαι
1838 4300 2017 4373 νῆςοι
2078 4296 2180 4359 καὶ
2232 4295 2516 4360 Φάκαιοι.
2605 4296 3063 4374 Δάφνουςα.

478 4395 685 4463 οὕτως
728 4398 1134 4477 Δαφνοῦντα
1175 4399 1367 4464 πόλιν
1411 4400 1703 4477 Φωκικήν
1749 4418 1938 4477 φηςιν
1984 4397 2341 4476 Εὐφορίων.
2425 4395 2836 4474 Βάρχουςα
2878 4397 3065 4462 πόλις
3100 4407 3167 4458 40
3247 4392 3272 4405 ‘

478 4499 662 4577 μικρὰ
704 4499 1017 4579 Φοινίκης.
1081 4498 1424 4576 Αἴγουςα
1467 4502 1658 4577 νῆςος
1687 4498 1948 4581 Λιβύης,
1993 4499 2151 4564 κατὰ
2180 4498 2410 4577 Λίβυας
2454 4498 2766 4578 λεγομένη
2816 4499 3062 4577 Κατρία.

611 4751 647 4803 l.
684 4754 714 4805 '1
753 4750 993 4807 Αἲθουςα
1038 4753 1263 4822 explevi
1299 4770 1366 4807 ex
1410 4755 1588 4821 Mon„
1633 4752 1911 4821 Φέρουςα,
1962 4751 2230 4821 Κρέουςα,
2279 4751 2540 4808 Μέδουςα
2588 4770 2656 4808 ex
2702 4757 2894 4809 eodem
2938 4753 3060 4810 loeo
