3664 5546
674 275 800 340 336
1609 275 1692 330 εκ
1729 276 1871 330 mu
1913 262 2321 330 ΗΡΩΔιΑΝοΥ
2414 326 2423 331 ,

839 447 934 511 Τὰ
977 444 1065 511 εἰς
1108 444 1260 526 'GEe—ti
1316 448 1657 527 διςύλλαβα
1711 422 2166 530 παροξύνεται,
2221 448 2454 525 ζώνη·
2522 447 2648 512 ἔςτι
2704 449 2808 512 καὶ
2850 449 3038 513 πόλις
3085 449 3260 513 Κικό-

671 569 821 614 νων.
869 549 1190 619 Ἑκαταῑος
1218 552 1508 634 Εὐρώπῃ.
1554 552 1844 633 μνώνη,
1877 551 2133 628 ςμώνη
2163 549 2202 627 ἡ
2234 552 2455 627 πλῆξις
2496 553 2612 614 τοῦ
2643 548 2918 631 ἀνέμου,
2965 570 3055 628 γρ
3072 551 3224 628 ώνη
3241 599 3259 631 ,

671 652 827 730 χών
847 674 902 731 η.
976 652 1102 718 ἔςτι
1131 657 1250 719 -καὶ
1296 654 1514 731 Χώνη
1557 652 1742 716 πόλις
1775 651 2152 735 Οἰνωτρῶν,
2179 651 2272 729 ’ἧς
2305 651 2602 730 (τράβων
2649 652 2950 731 μέμνηται
2998 651 3069 717 ἐν
3114 652 3260 736 ἕκτῃ

672 751 766 837 (p.
799 752 978 835 1255)
1047 757 1190 822 «καὶ
1248 758 1365 835 τὴν
1430 759 1550 833 γῆν
1611 752 1921 833 ὀνομάςαι
1991 754 2220 832 Χώνην
2238 778 2283 816 ι».
2394 755 2539 818 «καὶ
2597 754 2786 831 Χώνη
2847 754 3035 818 πόλις
3100 755 3261 832 ὑπὲρ

595 862 628 912 5
672 854 895 939 αὐτῆς,
952 856 1078 938 ἀφ’
1129 858 1205 936 ἧς
1260 856 1324 922 οἱ
1376 857 1573 941 ταύτῃ
1632 856 1849 921 Χῶνες
1902 855 2250 935 ἐκλήθηςαν
2267 880 2310 918 ».
2409 856 2484 920 τὸ
2542 857 2614 920 δὲ
2668 857 2892 935 φωνή
2948 855 3082 920 ἀπὸ
3142 860 3261 919 τοῦ

669 960 873 1036 φωνῶ
916 959 1018 1022 καὶ
1060 960 1136 1024 τὸ
1183 959 1337 1037 ώνή
1383 957 1514 1023 ἀπὸ
1559 962 1676 1022 τοῦ
1722 958 1873 1022 ώνῶ
1919 956 2225 1025 ὀξύνεται.

839 1060 932 1123 Τὰ
977 1062 1081 1126 διὰ
1124 1066 1242 1126 τοῦ
1285 1063 1437 1138 ἰῑῖιῑῆ
1482 1060 1664 1139 κύρια
1710 1060 1813 1125 καὶ
1857 1060 2291 1138 προςηγορικὰ
2336 1059 2845 1139 ύπερδιςύλλαβα
2903 1060 3260 1141 βαρύνεται,

669 1160 1021 1241 Δωδώνη
1066 1163 1253 1228 πόλις
1295 1167 1407 1242 τῆς
1441 1161 1836 1228 Μολοςςίδος
1880 1161 1951 1226 ἐν
1996 1162 2301 1244 Ἠπείρῳ,
2347 1162 2494 1226 καθ’
2537 1164 2617 1240 ἢν
2661 1161 3064 1227 Δωδωναῖος
3096 1161 3261 1225 Ζεύς

672 1261 1049 1342 «Δωδώνης
1114 1264 1359 1344 μεδέων
1423 1265 1878 1344 δυςχειμέρου»
1942 1260 2048 1344 (Il.
2094 1264 2158 1328 Π
2207 1262 2378 1344 234).
2495 1264 2841 1331 Φιλόξενος
2907 1265 3013 1351 δὲ,
3043 1262 3081 1326 6
3140 1264 3260 1341 τὴν

577 1369 636 1418 10
671 1362 1033 1429 Ὀδύςςειαν
1080 1366 1609 1446 ύπομνηματίζων
1655 1366 1774 1430 δύο
1820 1363 2002 1447 φηςί,
2048 1365 2435 1443 Θετταλικὴν
2481 1367 2583 1429 καὶ
2626 1366 3105 1445 Θεςπρωτικήν,
3149 1364 3261 1428 οὕ-

669 1485 795 1529 τως
853 1467 1235 1545 «Δωδώνην
1289 1472 1409 1533 νῦν
1465 1489 1614 1548 φηςι
1668 1469 1785 1546 τὴν
1832 1468 2278 1544 Θεςπρωτικὴν
2334 1466 2405 1531 ἐν
2462 1467 2500 1549 ᾖ
2555 1468 2631 1531 τὸ
2678 1469 2980 1546 μαντεῖον
3037 1467 3105 1530 ἐκ
3148 1469 3264 1542 τῆς

671 1566 894 1649 δρυός,
940 1568 1125 1646 ἑτέρα
1169 1571 1239 1633 δὲ
1282 1568 1321 1646 ἡ
1358 1569 1702 1648 Θετταλικὴ
1748 1568 1879 1649 ἀφ’
1913 1568 1986 1646 ἦς
2032 1568 2070 1631 6
2101 1568 2425 1647 Ἀχιλλεὺς
2469 1570 2650 1632 καλεῖ
2691 1568 2807 1632 τὸν
2837 1567 3014 1632 Δία.»
3089 1568 3261 1632 ἔοικε

672 1669 742 1732 δὲ
802 1665 994 1733 οὗτος
1050 1669 1446 1749 ἐπιλελῆςθαι
1500 1673 1575 1736 τὸ
1632 1658 1837 1750 «ἀμ’φὶ
1891 1672 1961 1734 δὲ
2008 1669 2233 1734 (ελλοὶ
2287 1671 2385 1734 ςοὶ
2440 1669 2690 1734 ναίους’
2733 1670 3060 1750 ὑποφῆται
3123 1669 3261 1734 ἀνι-

671 1768 999 1835 πτόποδες
1047 1776 1459 1851 χαμαιεῦναι»
1508 1770 1613 1855 (Il.
1643 1773 1709 1837 Π
1736 1771 1907 1852 234).
1977 1777 2116 1837 πῶς
2160 1773 2282 1850 γὰρ
2327 1772 2578 1836 τούτων
2624 1773 2925 1851 μέμνηται
2971 1770 3102 1836 άπὸ
3146 1774 3261 1848 τῆς

575 1875 635 1925 ¹5
674 1871 1048 1950 Θεςςαλικῆς
1092 1877 1306 1938 καλῶν
1351 1874 1578 1949 αύτόν;
1626 1874 1797 1938 οὕτω
1844 1875 1916 1937 δὲ
1959 1874 2063 1939 καὶ
2094 1874 2556 1953 Ἐπαφρόδιτος
2602 1874 2672 1937 ἑν
2716 1880 2792 1957 τῇ
2835 1874 2900 1938 Π
2942 1876 3052 1950 τῆς
3084 1872 3261 1937 Ἰλιά-

670 1978 785 2038 δος
832 1980 1015 2058 «τιμᾷ
1043 1975 1196 2039 τοὺς
1227 1976 1297 2041 ἐν
1327 1958 1628 2060 Δωδώνῃ
1659 1976 1929 2053 ἔχοντας
1970 1975 2281 2054 ἐπιφανὲς
2325 1978 2661 2057 μαντεῖον,
2709 1977 2864 2040 «τὸν
2910 1975 2966 2038 δ’
2996 1975 3060 2038 ἐς
3106 1973 3261 2037 Δω-

672 2076 888 2153 δώνην
943 2076 1115 2156 φάτο
1163 2078 1482 2157 βήμεναι».
1571 2077 1937 2155 ἐπικέκληκε
1993 2078 2065 2141 δὲ
2122 2077 2446 2154 Ἀχιλλεὺς
2509 2079 2625 2142 τὸν
2681 2076 2752 2140 ἐν
2807 2082 2883 2158 τῇ
2946 2076 3259 2157 Θετταλίᾳ

668 2181 1041 2252 γειτνιῶντα
1080 2178 1264 2261 θεόν,
1313 2179 1402 2244 ῶς
1449 2180 1551 2243 καὶ
1594 2179 1632 2243 6
1676 2179 2025 2257 Πάνδαρος
2073 2178 2321 2258 εὔχεται
2366 2185 2457 2263 τῷ
2501 2180 2847 2256 Λυκηγενεῖ
2890 2178 2994 2241 καὶ
3022 2177 3060 2240 6
3094 2177 3255 2254 Χρύ-

669 2299 775 2357 ςης
820 2285 912 2364 τῷ
958 2279 1222 2359 (μινθεῖ.
1309 2281 1426 2345 τὸν
1473 2282 1543 2344 δὲ
1588 2280 1998 2346 Δωδωναῖον
2044 2280 2274 2356 ἔλεγον
2320 2281 2421 2344 καὶ
2467 2280 2687 2344 Νάίὀν.
2770 2279 3141 2358 Ζηνόδοτος
3186 2280 3259 2341 δὲ

565 2383 635 2434 20
666 2380 900 2459 γράφει
955 2380 1323 2465 Φηγωναῖε,
1380 2381 1517 2446 ἐπεὶ
1576 2382 1646 2448 ἐν
1689 2383 1991 2465 Δωδώνῃ
2037 2386 2299 2460 πρῶτον
2357 2382 2567 2462 φηγὸς
2622 2381 3062 2460 ἐμαντεύετο».
3157 2381 3261 2444 καὶ

668 2479 935 2547 (ουίδας
979 2484 1050 2547 δέ
1095 2504 1242 2563 φηςι
1287 2483 1693 2549 Δωδωναίου
1740 2485 1904 2549 Διὸς
1947 2484 2125 2562 ἱερὸν
2182 2482 2346 2548 εἶναι
2395 2484 2466 2548 ἐν
2513 2482 2819 2566 Θεςςαλίᾳ
2875 2483 2979 2547 καὶ
3020 2485 3257 2546 τοῦτον

668 2581 1108 2648 ἑπικαλεῑςθαι.
1199 2584 1403 2663 ἕτεροι
1462 2587 1532 2649 δὲ
1586 2585 1905 2665 γράφουςι
1952 2586 2313 2653 Βωδωναῑε.
2400 2586 2591 2649 πόλιν
2646 2585 2768 2662 γὰρ
2814 2581 2979 2647 εἶναι
3026 2584 3258 2647 Βωδώ-

668 2704 818 2766 νην,
875 2684 1044 2749 ὅπου
1101 2689 1362 2766 τιμᾶται.
1454 2687 1676 2773 Κινέας
1732 2688 1803 2751 δέ
1861 2709 2009 2768 φηςι
2064 2688 2255 2752 πόλιν
2300 2687 2370 2752 ἐν
2423 2686 2728 2770 Θεςςαλίᾳ
2773 2683 2936 2750 εἶναι
2988 2686 3091 2749 καὶ
3132 2706 3257 2764 φη-

667 2787 787 2860 γὸν
854 2788 958 2869 καὶ
1019 2789 1096 2852 τὸ
1162 2794 1280 2853 τοῦ
1336 2790 1500 2853 Διὸς
1568 2791 1870 2868 μαντεῖον
1927 2789 2013 2854 εἰς
2076 2791 2387 2868 Ἤπειρον
2454 2792 2917 2869 μετενεχθῆναι.
3005 2787 3257 2866 ώνόμα-

564 2895 630 2946 25
669 2907 801 2956 ςται
869 2889 940 2952 δὲ
1005 2889 1164 2953 κατὰ
1239 2890 1727 2972 Θραςύβουλον,
1796 2892 1888 2956 ὡς
1947 2891 2409 2971 Ἐπαφρόδιτος
2464 2891 2997 2970 ύπομνηματίζων
3062 2890 3137 2952 τὸ
3203 2887 3257 2968 β’

664 2989 891 3054 Αἰτίων
952 2989 1125 3054 «ἀπὸ
1182 2992 1517 3071 Δωδώνης
1578 2995 1719 3070 μιᾶς
1771 2997 1904 3057 τῶν
1959 2992 2344 3058 Ὠκεανίδων
2410 2997 2698 3072 νυμφῶν.
2795 2991 3260 3067 Ἀκεςτόδωρος

666 3091 737 3154 δὲ
804 3089 936 3154 ἀπὸ
992 3091 1329 3157 Δώδωνος
1392 3097 1509 3158 τοῦ
1555 3093 1719 3158 Διὸς
1782 3095 1885 3158 καὶ
1941 3087 2304 3173 Εὐρώπης».
2395 3094 2562 3159 εἰκὸς
2618 3095 2689 3158 δὲ
2745 3092 2877 3157 ἀπὸ
2920 3093 3261 3156 Δώδωνος

667 3196 961 3270 ποταμοῦ
1019 3192 1336 3272 Ἠπείρου.
1425 3196 1646 3282 διτταὶΧ
1679 3196 1737 3259 δ’
1790 3195 1903 3260 εἰςὶ
1956 3195 2310 3278 Δωδῶναι,
2371 3194 2410 3272 ἡ
2468 3195 2538 3260 ἐν
2593 3196 2867 3280 Ἠπείρῳ
2933 3185 3035 3258 καὶ
3092 3193 3129 3270 ἡ
3184 3192 3257 3256 ἐν

667 3292 1010 3376 Θετταλίᾳ,
1076 3294 1369 3374 καθάπαρ
1427 3295 1613 3360 ἄλλοι
1669 3298 1771 3361 καὶ
1828 3297 2137 3361 Μναςὲας.
2225 3298 2264 3376 ἡ
2322 3297 2393 3361 δὲ
2442 3297 2779 3362 Δωδῶνος
2833 3298 3047 3373 γενικὴ
3102 3295 3259 3373 μετὰ

457 3452 470 3458 -
563 3401 631 3452 30
664 3397 776 3471 τῆς
832 3397 1060 3472 λοιπῆς
1114 3397 1413 3474 κινήςεως
1465 3398 1746 3476 ἠδύνατο
1802 3399 1993 3463 κλίςις
2059 3396 2225 3463 εἶναι
2280 3401 2393 3476 τῆς
2447 3399 2736 3481 Δωδών,
2804 3396 2985 3476 εἴπερ
3038 3396 3118 3475 ἦν
3183 3395 3257 3459 ἐν

666 3496 876 3574 χρήςει
935 3499 1049 3573 τῆς
1099 3499 1354 3564 πόλεως
1401 3499 1440 3577 ἡ
1499 3500 1730 3564 εὐθεῖα.
1819 3500 1973 3563 ἀλλ’
2029 3500 2147 3565 οὐκ
2199 3498 2466 3579 εἴρηται·
2534 3502 2758 3578 διόπερ
2815 3497 3259 3579 μεταπλαςμὸς

665 3596 832 3661 ἔοικε
889 3595 1068 3662 εἶναι.
1170 3601 1427 3679 λήγεται
1480 3603 1552 3665 δὲ
1609 3602 1712 3665 καὶ
1774 3600 1864 3666 εἰς
1918 3604 2027 3684 ὦ,
2091 3601 2343 3681 (ιμμίας
2401 3602 2439 3665 6
2494 3601 2741 3667 Ῥόδιος
2800 3600 3052 3678 «Ζηνὸς
3107 3599 3258 3662 ἕδος

669 3698 979 3775 Κρονίδαο
1049 3701 1304 3781 μάκαιρ’
1376 3703 1725 3768 ὑπεδέξατο
1794 3703 2072 3768 Δωδώ».
2186 3703 2519 3779 Βωδώνη
2590 3703 2776 3766 πόλις
2847 3700 3257 3781 Περραιβική,

666 3800 756 3863 ὡς
801 3800 1308 3881 Ἀπολλόδωρος.
1385 3804 1447 3868 οἱ
1493 3804 1548 3867 δ’
1593 3803 1802 3881 ὀρθῶς
1849 3804 2192 3868 Θετταλίας
2237 3803 2368 3869 άπὸ
2415 3806 2737 3868 Βωδωνοῦ
2780 3803 3014 3881 ἥρωος.
3106 3803 3256 3866 Με-

563 3911 627 3959 35
662 3900 871 3980 θώνη
937 3901 1124 3968 πόλις
1192 3905 1455 3986 Θρᾴκης.
1568 3905 1962 3988 Μαγνηςίας,
2028 3907 2107 3984 ἣν
2171 3905 2456 3984 Ὅμηρος
2530 3906 2635 3969 διὰ
2698 3908 2816 3969 τοῦ
2894 3909 2933 3982 ἦ
3010 3903 3116 3968 «οἱ
3189 3905 3259 3966 δ’

661 4002 786 4081 ἄρα
834 4004 1226 4083 Μηθώνην
1289 4006 1392 4069 καὶ
1445 4005 1808 4085 Θαυμακίην
1863 4006 2212 4087 ἐνέμοντο»
2269 4008 2347 4088 (Β
2392 3999 2560 4087 716).
2644 4006 2770 4070 ἔςτι
2828 4007 2900 4069 δὲ
2957 4005 3059 4068 καὶ
3118 4005 3255 4068 Μα-

533 4149 538 4158 ·
659 4105 968 4170 κεδονίας.
1037 4105 1267 4184 ἐκλήθη
1312 4108 1384 4170 δὲ
1429 4106 1560 4171 ἀπὸ
1606 4112 1722 4171 τοῦ
1767 4109 1941 4186 μέθυ.
2028 4108 2381 4173 πολύοινος
2425 4109 2547 4186 γάρ
2604 4107 2784 4171 ἐςτι.·
2821 4107 2924 4170 καὶ
2975 4110 3088 4182 τῆς
3132 4104 3256 4169 Λα-

661 4211 945 4284 κωνικῆς.
1013 4207 1068 4271 δ’
1113 4207 1183 4273 ἐν
1227 4207 1499 4287 Περςίδι.
1568 4208 1618 4273 ε’
1663 4208 1945 4289 Εὐβοίας.
2015 4210 2382 4291 Μοθώνη,
2428 4209 2870 4325 εἰρεςιώνη,
2915 4208 3254 4286 χελώνη,

797 4395 897 4448 1,1
937 4393 1090 4459 Ζώνη
1137 4396 1327 4446 addidi
1365 4412 1431 4446 ex
1471 4397 1551 4446 St.
1589 4396 1680 4457 B..
1727 4409 1763 4458 γ
1800 4396 1950 4461 ώνη,
1988 4395 2144 4459 χώνη
2184 4411 2250 4445 ex
2288 4396 2537 4462 Theogn.
2581 4397 2696 4458 115,
2735 4398 2828 4457 24,
2865 4394 3033 4458 Χώνη
3072 4410 3137 4443 ex
3175 4393 3255 4443 St.

663 4461 724 4512 Β.
760 4491 825 4498 --
861 4463 932 4513 cf.
969 4463 1032 4513 Ε.
1064 4464 1138 4513 Μ.
1172 4466 1287 4520 803,
1324 4467 1390 4515 55
1425 4463 1497 4515 τὰ
1535 4461 1612 4515 είς
1653 4479 1720 4528 νη
1792 4463 2055 4526 ιςύλλαβα
2090 4467 2175 4528 τῶ
2216 4479 2262 4514 ω
2290 4462 2740 4543 παραληγόμενα
2769 4432 3063 4526 βάρύνεται
3101 4461 3256 4524 πλὴν

660 4531 782 4581 τῶν
818 4529 1262 4582 ἀποτελούντων
1299 4529 1557 4593 ςυζυγίαν
1593 4531 1834 4597 πρώτην
1869 4534 1990 4581 τῶν
2027 4531 2476 4596 περιςπωμένων
2515 4533 2583 4594 (·i
2566 4548 2616 4581 ιο
2654 4532 2741 4580 eni
2748 4547 2799 4580 m
2834 4546 2899 4579 ex
2925 4530 3121 4580 Choer.
3150 4530 3253 4593 Ep.

662 4599 716 4648 ιιι
755 4599 1114 4658 Psalm.100,
1158 4602 1179 4648 1
1231 4616 1326 4664 por
1363 4598 1479 4651 ἀπὸ
1516 4599 1717 4651 τέλους
1756 4616 1861 4649 sert
1846 4600 2097 4649 bendum
2148 4599 2256 4660 est)
2305 4599 2647 4662 ῥηματικῶν.
2854 4598 2887 4647 1.
2924 4593 2971 4648 8
2990 4596 3285 4661 Δωδώνηι

661 4666 880 4730 oxiplev
917 4683 983 4717 ex
1022 4669 1102 4716 St
1127 4669 1206 4728 Β.,
1247 4666 1497 4732 Βωδώνη
1536 4684 1603 4717 ex
1641 4685 1705 4718 eo
1677 4668 1832 4717 odem
1870 4667 2084 4724 addidi,
2124 4665 2373 4730 Μεθώνη
2413 4684 2479 4716 ex
2505 4669 2583 4715 St
2610 4669 2670 4716 Β.
2709 4652 2956 4730 ‹⁶2i‚xp1ev
2999 4664 3254 4728 Μοθώνη

661 4749 759 4782 exa
734 4739 846 4783 stat
893 4751 977 4800 ap.
1025 4734 1462 4798 Theognostum,
1515 4735 1614 4785 sed
1670 4741 1848 4785 utrum
1836 4751 1957 4800 nque
2004 4735 2332 4786 vocabulum
2378 4736 2547 4784 etiam
2602 4751 2692 4799 ap.
2738 4733 3029 4783 Arcadium
3078 4733 3257 4782 locum
