<?xml version="1.0" encoding="UTF-8"?>
<!DOCTYPE html PUBLIC "-//W3C//DTD XHTML 1.0 Transitional//EN"
    "http://www.w3.org/TR/xhtml1/DTD/xhtml1-transitional.dtd">
<html xmlns="http://www.w3.org/1999/xhtml" xml:lang="en" lang="en">
 <head>
  <title>
</title>
<meta http-equiv="Content-Type" content="text/html;charset=utf-8" />
  <meta name='ocr-system' content='tesseract 3.04.00' />
  <meta name='ocr-capabilities' content='ocr_page ocr_carea ocr_par ocr_line ocrx_word'/>
</head>
<body>
  <div class='ocr_page' id='page_1' title='image "./grammaticigraec02unkngoog_0023.png"; bbox 0 0 3664 5546; ppageno 0'>
   <div class='ocr_carea' id='block_1_1' title="bbox 1530 475 3043 526">
    <p class='ocr_par' dir='ltr' id='par_1_1' title="bbox 1530 475 3043 526">
     <span class='ocr_line' id='line_1_1' title="bbox 1530 475 3043 526; baseline 0.001 -3"><span class='ocrx_word' id='word_1_1' title='bbox 1530 475 1947 525; x_wconf 77' lang='lat' dir='ltr'><strong>PRAEFATIO.</strong></span> <span class='ocrx_word' id='word_1_2' title='bbox 2891 477 3043 526; x_wconf 83' lang='lat' dir='ltr'>XVII</span> 
     </span>
    </p>
   </div>
   <div class='ocr_carea' id='block_1_2' title="bbox 439 624 3109 4970">
    <p class='ocr_par' dir='ltr' id='par_1_2' title="bbox 439 624 3052 1631">
     <span class='ocr_line' id='line_1_2' title="bbox 439 624 3044 713; baseline 0.002 -19"><span class='ocrx_word' id='word_1_3' title='bbox 439 630 495 694; x_wconf 93' lang='grc' dir='ltr'>Ο</span> <span class='ocrx_word' id='word_1_4' title='bbox 547 628 628 693; x_wconf 87' lang='grc'>10</span> <span class='ocrx_word' id='word_1_5' title='bbox 671 634 791 709; x_wconf 81' lang='grc' dir='ltr'>κῆρ</span> <span class='ocrx_word' id='word_1_6' title='bbox 837 630 1200 696; x_wconf 77' lang='grc' dir='ltr'>ἀπινύεεων</span> <span class='ocrx_word' id='word_1_7' title='bbox 1243 667 1332 678; x_wconf 92' lang='grc'>-</span> <span class='ocrx_word' id='word_1_8' title='bbox 1388 630 1499 695; x_wconf 76' lang='grc' dir='ltr'>εἰεί</span> <span class='ocrx_word' id='word_1_9' title='bbox 1552 631 1768 710; x_wconf 83' lang='grc' dir='ltr'>μέντοι</span> <span class='ocrx_word' id='word_1_10' title='bbox 1815 630 1881 694; x_wconf 85' lang='grc' dir='ltr'>οἳ</span> <span class='ocrx_word' id='word_1_11' title='bbox 1910 624 2150 694; x_wconf 73' lang='grc' dir='ltr'>’ἄλλως</span> <span class='ocrx_word' id='word_1_12' title='bbox 2195 630 2572 711; x_wconf 79' lang='grc' dir='ltr'>διέετειλαν,</span> <span class='ocrx_word' id='word_1_13' title='bbox 2629 632 2742 696; x_wconf 77' lang='grc' dir='ltr'>οὓ(</span> <span class='ocrx_word' id='word_1_14' title='bbox 2799 632 3044 713; x_wconf 81' lang='grc' dir='ltr'>ἐλέγχει</span> 
     </span>
     <span class='ocr_line' id='line_1_3' title="bbox 440 729 3046 816; baseline 0.001 -20"><span class='ocrx_word' id='word_1_15' title='bbox 440 732 864 811; x_wconf 75' lang='grc' dir='ltr'>Ἡρωδιανὸς.</span> <span class='ocrx_word' id='word_1_16' title='bbox 925 730 1159 796; x_wconf 89' lang='lat' dir='ltr'>Altera</span> <span class='ocrx_word' id='word_1_17' title='bbox 1203 730 1380 796; x_wconf 87' lang='lat' dir='ltr'>tituli</span> <span class='ocrx_word' id='word_1_18' title='bbox 1425 731 1763 796; x_wconf 87' lang='lat' dir='ltr'>omittendi</span> <span class='ocrx_word' id='word_1_19' title='bbox 1809 752 2012 795; x_wconf 89' lang='lat' dir='ltr'>causa</span> <span class='ocrx_word' id='word_1_20' title='bbox 2053 731 2182 794; x_wconf 88' lang='lat' dir='ltr'>fuit</span> <span class='ocrx_word' id='word_1_21' title='bbox 2224 729 2525 810; x_wconf 85' lang='lat' dir='ltr'>Lehrsio,</span> <span class='ocrx_word' id='word_1_22' title='bbox 2574 731 2746 816; x_wconf 90' lang='lat' dir='ltr'>quod</span> <span class='ocrx_word' id='word_1_23' title='bbox 2790 734 3046 813; x_wconf 82' lang='grc' dir='ltr'>ἔλεγχοι</span> 
     </span>
     <span class='ocr_line' id='line_1_4' title="bbox 444 831 3049 920; baseline 0.001 -24"><span class='ocrx_word' id='word_1_24' title='bbox 444 844 522 897; x_wconf 90' lang='lat' dir='ltr'>ut</span> <span class='ocrx_word' id='word_1_25' title='bbox 575 832 808 898; x_wconf 87' lang='lat' dir='ltr'>titulus</span> <span class='ocrx_word' id='word_1_26' title='bbox 867 832 1022 898; x_wconf 86' lang='lat' dir='ltr'>libri</span> <span class='ocrx_word' id='word_1_27' title='bbox 1073 833 1486 918; x_wconf 80' lang='lat' dir='ltr'>grammatici</span> <span class='ocrx_word' id='word_1_28' title='bbox 1541 855 1670 897; x_wconf 95' lang='lat' dir='ltr'>non</span> <span class='ocrx_word' id='word_1_29' title='bbox 1727 855 1885 897; x_wconf 85' lang='lat' dir='ltr'>sane</span> <span class='ocrx_word' id='word_1_30' title='bbox 1940 831 2241 916; x_wconf 84' lang='lat' dir='ltr'>cognitus</span> <span class='ocrx_word' id='word_1_31' title='bbox 2295 841 2487 895; x_wconf 88' lang='lat' dir='ltr'>esset.</span> <span class='ocrx_word' id='word_1_32' title='bbox 2577 833 2791 913; x_wconf 77' lang='lat' dir='ltr'>Quam</span> <span class='ocrx_word' id='word_1_33' title='bbox 2834 844 3049 920; x_wconf 86' lang='lat' dir='ltr'>poste·</span> 
     </span>
     <span class='ocr_line' id='line_1_5' title="bbox 445 933 3048 1021; baseline 0 -23"><span class='ocrx_word' id='word_1_34' title='bbox 445 935 692 1000; x_wconf 88' lang='lat' dir='ltr'>riorem</span> <span class='ocrx_word' id='word_1_35' title='bbox 743 957 1016 999; x_wconf 89' lang='lat' dir='ltr'>causam</span> <span class='ocrx_word' id='word_1_36' title='bbox 1070 958 1244 1000; x_wconf 87' lang='lat' dir='ltr'>nunc</span> <span class='ocrx_word' id='word_1_37' title='bbox 1308 935 1484 1021; x_wconf 87' lang='lat' dir='ltr'>apud</span> <span class='ocrx_word' id='word_1_38' title='bbox 1550 956 1619 999; x_wconf 87' lang='lat' dir='ltr'>se</span> <span class='ocrx_word' id='word_1_39' title='bbox 1685 933 1904 1021; x_wconf 88' lang='lat' dir='ltr'>paullo</span> <span class='ocrx_word' id='word_1_40' title='bbox 1965 933 2231 998; x_wconf 85' lang='lat' dir='ltr'>levioris</span> <span class='ocrx_word' id='word_1_41' title='bbox 2300 933 2616 998; x_wconf 84' lang='lat' dir='ltr'>momenti</span> <span class='ocrx_word' id='word_1_42' title='bbox 2678 957 2821 1000; x_wconf 90' lang='lat' dir='ltr'>esse</span> <span class='ocrx_word' id='word_1_43' title='bbox 2888 935 3048 1000; x_wconf 91' lang='lat' dir='ltr'>mihi</span> 
     </span>
     <span class='ocr_line' id='line_1_6' title="bbox 447 1034 3047 1123; baseline 0.002 -25"><span class='ocrx_word' id='word_1_44' title='bbox 447 1035 706 1102; x_wconf 85' lang='lat' dir='ltr'>indicat</span> <span class='ocrx_word' id='word_1_45' title='bbox 759 1047 1149 1123; x_wconf 87' lang='lat' dir='ltr'>praeceptor</span> <span class='ocrx_word' id='word_1_46' title='bbox 1205 1035 1640 1111; x_wconf 52' lang='lat' dir='ltr'>clarissimum</span> <span class='ocrx_word' id='word_1_47' title='bbox 1709 1060 1793 1101; x_wconf 79' lang='lat' dir='ltr'>ex</span> <span class='ocrx_word' id='word_1_48' title='bbox 1859 1057 1985 1122; x_wconf 88' lang='lat' dir='ltr'>quo</span> <span class='ocrx_word' id='word_1_49' title='bbox 2052 1034 2234 1100; x_wconf 87' lang='lat' dir='ltr'>locus</span> <span class='ocrx_word' id='word_1_50' title='bbox 2280 1035 2546 1101; x_wconf 84' lang='lat' dir='ltr'>Sueten.</span> <span class='ocrx_word' id='word_1_51' title='bbox 2602 1049 2949 1121; x_wconf 88' lang='lat' dir='ltr'>grammat.</span> <span class='ocrx_word' id='word_1_52' title='bbox 3008 1040 3047 1102; x_wconf 89' lang='lat'>8</span> 
     </span>
     <span class='ocr_line' id='line_1_7' title="bbox 450 1135 3047 1225; baseline 0.001 -23"><span class='ocrx_word' id='word_1_53' title='bbox 450 1140 744 1203; x_wconf 80' lang='lat' dir='ltr'>incertae</span> <span class='ocrx_word' id='word_1_54' title='bbox 809 1150 1005 1204; x_wconf 88' lang='lat' dir='ltr'>antea</span> <span class='ocrx_word' id='word_1_55' title='bbox 1069 1137 1226 1202; x_wconf 90' lang='lat' dir='ltr'>fidei</span> <span class='ocrx_word' id='word_1_56' title='bbox 1301 1136 1676 1225; x_wconf 82' lang='lat' dir='ltr'>nulliusque</span> <span class='ocrx_word' id='word_1_57' title='bbox 1749 1161 1909 1202; x_wconf 83' lang='lat' dir='ltr'>usus</span> <span class='ocrx_word' id='word_1_58' title='bbox 1986 1135 2357 1223; x_wconf 86' lang='lat' dir='ltr'>(legebatur</span> <span class='ocrx_word' id='word_1_59' title='bbox 2422 1138 2595 1202; x_wconf 89' lang='lat' dir='ltr'>enim</span> <span class='ocrx_word' id='word_1_60' title='bbox 2662 1138 3047 1224; x_wconf 88' lang='lat' dir='ltr'>opusculum</span> 
     </span>
     <span class='ocr_line' id='line_1_8' title="bbox 452 1238 3050 1325; baseline 0.001 -22"><span class='ocrx_word' id='word_1_61' title='bbox 452 1239 814 1303; x_wconf 83' lang='lat' dir='ltr'>Annalium</span> <span class='ocrx_word' id='word_1_62' title='bbox 857 1238 1306 1325; x_wconf 82' lang='lat' dir='ltr'>elenchorum)</span> <span class='ocrx_word' id='word_1_63' title='bbox 1352 1241 1420 1303; x_wconf 90' lang='lat' dir='ltr'>in</span> <span class='ocrx_word' id='word_1_64' title='bbox 1463 1240 1792 1319; x_wconf 81' lang='lat' dir='ltr'>textibus,</span> <span class='ocrx_word' id='word_1_65' title='bbox 1840 1240 1954 1324; x_wconf 90' lang='lat' dir='ltr'>qui</span> <span class='ocrx_word' id='word_1_66' title='bbox 1999 1238 2337 1322; x_wconf 87' lang='lat' dir='ltr'>dicuntur,</span> <span class='ocrx_word' id='word_1_67' title='bbox 2397 1240 2869 1305; x_wconf 86' lang='lat' dir='ltr'>recentioribus</span> <span class='ocrx_word' id='word_1_68' title='bbox 2915 1263 3050 1306; x_wconf 89' lang='lat' dir='ltr'>cer-</span> 
     </span>
     <span class='ocr_line' id='line_1_9' title="bbox 454 1339 3049 1429; baseline 0 -23"><span class='ocrx_word' id='word_1_69' title='bbox 454 1341 543 1406; x_wconf 89' lang='lat' dir='ltr'>tis</span> <span class='ocrx_word' id='word_1_70' title='bbox 590 1341 986 1427; x_wconf 87' lang='lat' dir='ltr'>quibusdam</span> <span class='ocrx_word' id='word_1_71' title='bbox 1028 1341 1191 1405; x_wconf 69' lang='lat' dir='ltr'>Mes.</span> <span class='ocrx_word' id='word_1_72' title='bbox 1237 1350 1548 1406; x_wconf 80' lang='lat' dir='ltr'>testatam</span> <span class='ocrx_word' id='word_1_73' title='bbox 1591 1353 1656 1406; x_wconf 89' lang='lat' dir='ltr'>et</span> <span class='ocrx_word' id='word_1_74' title='bbox 1700 1340 2114 1406; x_wconf 87' lang='lat' dir='ltr'>emendatam</span> <span class='ocrx_word' id='word_1_75' title='bbox 2173 1339 2448 1404; x_wconf 86' lang='lat' dir='ltr'>formam</span> <span class='ocrx_word' id='word_1_76' title='bbox 2495 1343 2819 1428; x_wconf 90' lang='lat' dir='ltr'>acceperit</span> <span class='ocrx_word' id='word_1_77' title='bbox 2865 1344 3049 1429; x_wconf 90' lang='lat' dir='ltr'>(scri-</span> 
     </span>
     <span class='ocr_line' id='line_1_10' title="bbox 454 1441 3050 1535; baseline 0.001 -28"><span class='ocrx_word' id='word_1_78' title='bbox 454 1443 638 1507; x_wconf 83' lang='lat' dir='ltr'>bitur</span> <span class='ocrx_word' id='word_1_79' title='bbox 679 1444 853 1507; x_wconf 88' lang='lat' dir='ltr'>enim</span> <span class='ocrx_word' id='word_1_80' title='bbox 900 1465 1006 1535; x_wconf 90' lang='lat' dir='ltr'>ap.</span> <span class='ocrx_word' id='word_1_81' title='bbox 1041 1441 1646 1509; x_wconf 87' lang='lat' dir='ltr'>Reifferscheidium</span> <span class='ocrx_word' id='word_1_82' title='bbox 1691 1441 2046 1507; x_wconf 80' lang='lat' dir='ltr'>Annalium</span> <span class='ocrx_word' id='word_1_83' title='bbox 2078 1441 2252 1506; x_wconf 84' lang='lat' dir='ltr'>Enni</span> <span class='ocrx_word' id='word_1_84' title='bbox 2295 1441 2738 1529; x_wconf 89' lang='lat' dir='ltr'>elenchorum)</span> <span class='ocrx_word' id='word_1_85' title='bbox 2787 1455 2853 1509; x_wconf 91' lang='lat' dir='ltr'>et</span> <span class='ocrx_word' id='word_1_86' title='bbox 2897 1446 3050 1509; x_wconf 86' lang='lat' dir='ltr'>titu-</span> 
     </span>
     <span class='ocr_line' id='line_1_11' title="bbox 451 1542 3052 1631; baseline 0.001 -25"><span class='ocrx_word' id='word_1_87' title='bbox 451 1542 594 1607; x_wconf 76' lang='lat' dir='ltr'>ium</span> <span class='ocrx_word' id='word_1_88' title='bbox 638 1542 793 1608; x_wconf 91' lang='lat' dir='ltr'>libri</span> <span class='ocrx_word' id='word_1_89' title='bbox 835 1545 1250 1629; x_wconf 76' lang='lat' dir='ltr'>grammatici</span> <span class='ocrx_word' id='word_1_90' title='bbox 1284 1543 1496 1609; x_wconf 82' lang='lat' dir='ltr'>«Enni</span> <span class='ocrx_word' id='word_1_91' title='bbox 1541 1543 1902 1610; x_wconf 81' lang='lat' dir='ltr'>Annalium</span> <span class='ocrx_word' id='word_1_92' title='bbox 1946 1542 2232 1609; x_wconf 84' lang='lat' dir='ltr'>elenchi»</span> <span class='ocrx_word' id='word_1_93' title='bbox 2282 1556 2470 1610; x_wconf 84' lang='lat' dir='ltr'>extra</span> <span class='ocrx_word' id='word_1_94' title='bbox 2514 1545 2783 1610; x_wconf 88' lang='lat' dir='ltr'>dubium</span> <span class='ocrx_word' id='word_1_95' title='bbox 2826 1556 3052 1631; x_wconf 87' lang='lat' dir='ltr'>ponat.</span> 
     </span>
    </p>

    <p class='ocr_par' dir='ltr' id='par_1_3' title="bbox 445 1644 3109 3033">
     <span class='ocr_line' id='line_1_12' title="bbox 626 1644 3051 1733; baseline 0.001 -24"><span class='ocrx_word' id='word_1_96' title='bbox 626 1645 735 1710; x_wconf 81' lang='lat' dir='ltr'>Ex</span> <span class='ocrx_word' id='word_1_97' title='bbox 777 1646 859 1710; x_wconf 91' lang='lat' dir='ltr'>iis</span> <span class='ocrx_word' id='word_1_98' title='bbox 905 1646 1149 1728; x_wconf 82' lang='lat' dir='ltr'>titulis,</span> <span class='ocrx_word' id='word_1_99' title='bbox 1211 1668 1372 1733; x_wconf 89' lang='lat' dir='ltr'>quos</span> <span class='ocrx_word' id='word_1_100' title='bbox 1418 1646 1487 1710; x_wconf 92' lang='lat' dir='ltr'>in</span> <span class='ocrx_word' id='word_1_101' title='bbox 1535 1644 1753 1711; x_wconf 89' lang='lat' dir='ltr'>Anall.</span> <span class='ocrx_word' id='word_1_102' title='bbox 1813 1654 1888 1710; x_wconf 90' lang='lat' dir='ltr'>ut</span> <span class='ocrx_word' id='word_1_103' title='bbox 1930 1645 2253 1729; x_wconf 88' lang='lat' dir='ltr'>genuinos</span> <span class='ocrx_word' id='word_1_104' title='bbox 2308 1646 2679 1732; x_wconf 88' lang='lat' dir='ltr'>proposuit,</span> <span class='ocrx_word' id='word_1_105' title='bbox 2738 1647 3051 1713; x_wconf 88' lang='lat' dir='ltr'>Lehrsius</span> 
     </span>
     <span class='ocr_line' id='line_1_13' title="bbox 459 1746 3054 1835; baseline 0.002 -25"><span class='ocrx_word' id='word_1_106' title='bbox 459 1769 666 1828; x_wconf 90' lang='lat' dir='ltr'>nunc,</span> <span class='ocrx_word' id='word_1_107' title='bbox 723 1757 797 1812; x_wconf 88' lang='lat' dir='ltr'>ut</span> <span class='ocrx_word' id='word_1_108' title='bbox 849 1747 1010 1812; x_wconf 88' lang='lat' dir='ltr'>mihi</span> <span class='ocrx_word' id='word_1_109' title='bbox 1064 1747 1417 1829; x_wconf 83' lang='lat' dir='ltr'>indicavit,</span> <span class='ocrx_word' id='word_1_110' title='bbox 1479 1746 1756 1815; x_wconf 90' lang='lat' dir='ltr'>dubium</span> <span class='ocrx_word' id='word_1_111' title='bbox 1816 1748 2122 1833; x_wconf 88' lang='lat' dir='ltr'>opinatur</span> <span class='ocrx_word' id='word_1_112' title='bbox 2178 1747 2598 1828; x_wconf 72' lang='grc' dir='ltr'>ἀνώμαλος</span> <span class='ocrx_word' id='word_1_113' title='bbox 2649 1751 3054 1835; x_wconf 80' lang='grc' dir='ltr'>προεῳδία</span> 
     </span>
     <span class='ocr_line' id='line_1_14' title="bbox 457 1847 3054 1931; baseline 0.003 -20"><span class='ocrx_word' id='word_1_114' title='bbox 457 1848 539 1912; x_wconf 88' lang='grc' dir='ltr'>Ε.</span> <span class='ocrx_word' id='word_1_115' title='bbox 586 1847 678 1912; x_wconf 87' lang='grc' dir='ltr'>Μ.</span> <span class='ocrx_word' id='word_1_116' title='bbox 729 1848 884 1931; x_wconf 86' lang='grc'>146,</span> <span class='ocrx_word' id='word_1_117' title='bbox 936 1850 1044 1913; x_wconf 88' lang='lat'>14:</span> <span class='ocrx_word' id='word_1_118' title='bbox 1095 1852 1387 1930; x_wconf 71' lang='grc' dir='ltr'>Ἀρναῖος</span> <span class='ocrx_word' id='word_1_119' title='bbox 1431 1887 1514 1897; x_wconf 89' lang='lat'>—-</span> <span class='ocrx_word' id='word_1_120' title='bbox 1569 1849 1777 1929; x_wconf 85' lang='grc' dir='ltr'>ὄνομα</span> <span class='ocrx_word' id='word_1_121' title='bbox 1822 1850 2044 1929; x_wconf 83' lang='grc' dir='ltr'>κύριον</span> <span class='ocrx_word' id='word_1_122' title='bbox 2088 1886 2175 1896; x_wconf 93' lang='grc'>-</span> <span class='ocrx_word' id='word_1_123' title='bbox 2217 1851 2392 1930; x_wconf 85' lang='grc' dir='ltr'>παρὰ</span> <span class='ocrx_word' id='word_1_124' title='bbox 2445 1853 2563 1930; x_wconf 88' lang='grc' dir='ltr'>τὴν</span> <span class='ocrx_word' id='word_1_125' title='bbox 2613 1850 2779 1930; x_wconf 83' lang='grc' dir='ltr'>ἀρὰν</span> <span class='ocrx_word' id='word_1_126' title='bbox 2824 1851 3054 1931; x_wconf 76' lang='grc' dir='ltr'>ἀραῖος</span> 
     </span>
     <span class='ocr_line' id='line_1_15' title="bbox 461 1940 3054 2037; baseline 0.002 -23"><span class='ocrx_word' id='word_1_127' title='bbox 461 1952 567 2015; x_wconf 83' lang='grc' dir='ltr'>καὶ</span> <span class='ocrx_word' id='word_1_128' title='bbox 607 1954 992 2035; x_wconf 80' lang='grc' dir='ltr'>πλεοναεμῷ</span> <span class='ocrx_word' id='word_1_129' title='bbox 1035 1956 1152 2017; x_wconf 85' lang='grc' dir='ltr'>τοῦ</span> <span class='ocrx_word' id='word_1_130' title='bbox 1198 1956 1235 2015; x_wconf 63' lang='lat' dir='ltr'>V</span> <span class='ocrx_word' id='word_1_131' title='bbox 1281 1952 1320 2016; x_wconf 82' lang='grc' dir='ltr'>ὁ</span> <span class='ocrx_word' id='word_1_132' title='bbox 1365 1952 1659 2017; x_wconf 75' lang='grc' dir='ltr'>εὐκταῖοε</span> <span class='ocrx_word' id='word_1_133' title='bbox 1702 1959 1780 2037; x_wconf 81' lang='grc' dir='ltr'>τῇ</span> <span class='ocrx_word' id='word_1_134' title='bbox 1826 1953 2009 2033; x_wconf 87' lang='grc' dir='ltr'>μητρὶ</span> <span class='ocrx_word' id='word_1_135' title='bbox 2051 1953 2420 2032; x_wconf 76' lang='grc' dir='ltr'><strong>γενόμενος.</strong></span> <span class='ocrx_word' id='word_1_136' title='bbox 2493 1940 2701 2018; x_wconf 63' lang='grc' dir='ltr'>οὕτως’</span> <span class='ocrx_word' id='word_1_137' title='bbox 2745 1954 3054 2032; x_wconf 82' lang='grc' dir='ltr'>Ἡρωδια-</span> 
     </span>
     <span class='ocr_line' id='line_1_16' title="bbox 462 2051 3109 2142; baseline 0.001 -26"><span class='ocrx_word' id='word_1_138' title='bbox 462 2052 579 2117; x_wconf 76' lang='grc' dir='ltr'>νὸς</span> <span class='ocrx_word' id='word_1_139' title='bbox 633 2053 703 2117; x_wconf 85' lang='grc' dir='ltr'>ἐν</span> <span class='ocrx_word' id='word_1_140' title='bbox 768 2059 846 2138; x_wconf 87' lang='grc' dir='ltr'>τῇ</span> <span class='ocrx_word' id='word_1_141' title='bbox 907 2052 1230 2137; x_wconf 82' lang='grc' dir='ltr'>ἀνωμάλῳ</span> <span class='ocrx_word' id='word_1_142' title='bbox 1286 2054 1616 2138; x_wconf 74' lang='grc' dir='ltr'>προεῳδίᾳ</span> <span class='ocrx_word' id='word_1_143' title='bbox 1667 2090 1754 2101; x_wconf 92' lang='lat'>—-</span> <span class='ocrx_word' id='word_1_144' title='bbox 1811 2063 2028 2119; x_wconf 87' lang='lat' dir='ltr'>motus</span> <span class='ocrx_word' id='word_1_145' title='bbox 2098 2051 2335 2116; x_wconf 89' lang='lat' dir='ltr'>Hilleri</span> <span class='ocrx_word' id='word_1_146' title='bbox 2395 2053 2748 2140; x_wconf 84' lang='lat' dir='ltr'>scrupulis,</span> <span class='ocrx_word' id='word_1_147' title='bbox 2814 2054 2925 2141; x_wconf 90' lang='lat' dir='ltr'>qui</span> <span class='ocrx_word' id='word_1_148' title='bbox 2986 2056 3055 2118; x_wconf 89' lang='lat' dir='ltr'>in</span> <span class='ocrx_word' id='word_1_149' title='bbox 3103 2135 3109 2142; x_wconf 93' lang='lat'>.</span> 
     </span>
     <span class='ocr_line' id='line_1_17' title="bbox 461 2152 3056 2242; baseline 0.001 -26"><span class='ocrx_word' id='word_1_150' title='bbox 461 2152 961 2239; x_wconf 78' lang='lat' dir='ltr'>quaestionibus</span> <span class='ocrx_word' id='word_1_151' title='bbox 1025 2153 1461 2219; x_wconf 88' lang='lat' dir='ltr'>Herodianeis</span> <span class='ocrx_word' id='word_1_152' title='bbox 1521 2177 1585 2241; x_wconf 88' lang='lat' dir='ltr'>p.</span> <span class='ocrx_word' id='word_1_153' title='bbox 1644 2155 1724 2219; x_wconf 83' lang='lat'>37</span> <span class='ocrx_word' id='word_1_154' title='bbox 1806 2177 1985 2242; x_wconf 88' lang='lat' dir='ltr'>seqq.</span> <span class='ocrx_word' id='word_1_155' title='bbox 2061 2152 2540 2220; x_wconf 84' lang='lat' dir='ltr'>demonstravit</span> <span class='ocrx_word' id='word_1_156' title='bbox 2602 2154 3056 2221; x_wconf 86' lang='lat' dir='ltr'>Herodianum</span> 
     </span>
     <span class='ocr_line' id='line_1_18' title="bbox 463 2252 3053 2342; baseline 0.001 -24"><span class='ocrx_word' id='word_1_157' title='bbox 463 2252 784 2321; x_wconf 81' lang='lat' dir='ltr'>vocabulo</span> <span class='ocrx_word' id='word_1_158' title='bbox 830 2255 1172 2337; x_wconf 74' lang='grc' dir='ltr'>ἀνώμαλος</span> <span class='ocrx_word' id='word_1_159' title='bbox 1216 2278 1345 2321; x_wconf 93' lang='lat' dir='ltr'>non</span> <span class='ocrx_word' id='word_1_160' title='bbox 1388 2255 1788 2321; x_wconf 80' lang='lat' dir='ltr'>abstinuisse</span> <span class='ocrx_word' id='word_1_161' title='bbox 1834 2255 2129 2342; x_wconf 90' lang='lat' dir='ltr'>quidem,</span> <span class='ocrx_word' id='word_1_162' title='bbox 2194 2255 2311 2320; x_wconf 87' lang='lat' dir='ltr'>sed</span> <span class='ocrx_word' id='word_1_163' title='bbox 2354 2278 2684 2342; x_wconf 88' lang='lat' dir='ltr'>nunquam</span> <span class='ocrx_word' id='word_1_164' title='bbox 2732 2256 2813 2321; x_wconf 91' lang='lat' dir='ltr'>de</span> <span class='ocrx_word' id='word_1_165' title='bbox 2858 2258 3053 2322; x_wconf 90' lang='lat' dir='ltr'>rebus</span> 
     </span>
     <span class='ocr_line' id='line_1_19' title="bbox 462 2356 3054 2441; baseline 0.002 -21"><span class='ocrx_word' id='word_1_166' title='bbox 462 2356 909 2441; x_wconf 85' lang='lat' dir='ltr'>grammaticis</span> <span class='ocrx_word' id='word_1_167' title='bbox 964 2379 1154 2422; x_wconf 91' lang='lat' dir='ltr'>usum</span> <span class='ocrx_word' id='word_1_168' title='bbox 1209 2380 1353 2422; x_wconf 89' lang='lat' dir='ltr'>esse</span> <span class='ocrx_word' id='word_1_169' title='bbox 1413 2368 1480 2423; x_wconf 91' lang='lat' dir='ltr'>et</span> <span class='ocrx_word' id='word_1_170' title='bbox 1535 2356 1685 2422; x_wconf 89' lang='lat' dir='ltr'>inde</span> <span class='ocrx_word' id='word_1_171' title='bbox 1728 2357 2127 2422; x_wconf 88' lang='lat' dir='ltr'>coniectavit</span> <span class='ocrx_word' id='word_1_172' title='bbox 2169 2358 2432 2422; x_wconf 90' lang='lat' dir='ltr'>titulum</span> <span class='ocrx_word' id='word_1_173' title='bbox 2488 2358 2584 2423; x_wconf 87' lang='lat' dir='ltr'>ita</span> <span class='ocrx_word' id='word_1_174' title='bbox 2626 2359 2901 2423; x_wconf 88' lang='lat' dir='ltr'>forsitan</span> <span class='ocrx_word' id='word_1_175' title='bbox 2944 2382 3054 2425; x_wconf 88' lang='lat' dir='ltr'>na-</span> 
     </span>
     <span class='ocr_line' id='line_1_20' title="bbox 464 2458 3057 2547; baseline 0.002 -25"><span class='ocrx_word' id='word_1_176' title='bbox 464 2467 603 2523; x_wconf 85' lang='lat' dir='ltr'>tum</span> <span class='ocrx_word' id='word_1_177' title='bbox 646 2481 825 2539; x_wconf 89' lang='lat' dir='ltr'>esse,</span> <span class='ocrx_word' id='word_1_178' title='bbox 872 2468 946 2523; x_wconf 92' lang='lat' dir='ltr'>ut</span> <span class='ocrx_word' id='word_1_179' title='bbox 989 2459 1101 2546; x_wconf 90' lang='lat' dir='ltr'>qui</span> <span class='ocrx_word' id='word_1_180' title='bbox 1145 2458 1358 2525; x_wconf 93' lang='lat' dir='ltr'>locum</span> <span class='ocrx_word' id='word_1_181' title='bbox 1403 2482 1488 2523; x_wconf 83' lang='lat' dir='ltr'>ex</span> <span class='ocrx_word' id='word_1_182' title='bbox 1518 2458 1888 2546; x_wconf 85' lang='lat' dir='ltr'>Odyssiaca</span> <span class='ocrx_word' id='word_1_183' title='bbox 1915 2458 2238 2523; x_wconf 87' lang='lat' dir='ltr'>Prosodia</span> <span class='ocrx_word' id='word_1_184' title='bbox 2282 2482 2312 2524; x_wconf 90' lang='lat' dir='ltr'>c</span> <span class='ocrx_word' id='word_1_185' title='bbox 2354 2460 2426 2539; x_wconf 82' lang='lat'>5,</span> <span class='ocrx_word' id='word_1_186' title='bbox 2472 2459 2587 2525; x_wconf 92' lang='lat' dir='ltr'>ubi</span> <span class='ocrx_word' id='word_1_187' title='bbox 2631 2460 2860 2525; x_wconf 87' lang='lat' dir='ltr'>eadem</span> <span class='ocrx_word' id='word_1_188' title='bbox 2889 2483 3057 2547; x_wconf 90' lang='lat' dir='ltr'>quae</span> 
     </span>
     <span class='ocr_line' id='line_1_21' title="bbox 463 2559 3054 2646; baseline 0.002 -24"><span class='ocrx_word' id='word_1_189' title='bbox 463 2560 533 2622; x_wconf 91' lang='lat' dir='ltr'>in</span> <span class='ocrx_word' id='word_1_190' title='bbox 577 2559 657 2623; x_wconf 89' lang='lat' dir='ltr'>E.</span> <span class='ocrx_word' id='word_1_191' title='bbox 702 2559 797 2623; x_wconf 88' lang='lat' dir='ltr'>M.</span> <span class='ocrx_word' id='word_1_192' title='bbox 857 2569 1149 2641; x_wconf 82' lang='lat' dir='ltr'>exstant,</span> <span class='ocrx_word' id='word_1_193' title='bbox 1208 2559 1638 2646; x_wconf 78' lang='lat' dir='ltr'>excerpserit,</span> <span class='ocrx_word' id='word_1_194' title='bbox 1693 2561 2128 2646; x_wconf 89' lang='lat' dir='ltr'>posteriorum</span> <span class='ocrx_word' id='word_1_195' title='bbox 2181 2581 2361 2624; x_wconf 87' lang='lat' dir='ltr'>more</span> <span class='ocrx_word' id='word_1_196' title='bbox 2418 2559 2684 2624; x_wconf 85' lang='lat' dir='ltr'>dixerit:</span> <span class='ocrx_word' id='word_1_197' title='bbox 2746 2562 3054 2641; x_wconf 81' lang='grc' dir='ltr'>Ἡρωδια-</span> 
     </span>
     <span class='ocr_line' id='line_1_22' title="bbox 445 2660 3055 2747; baseline -0 -20"><span class='ocrx_word' id='word_1_198' title='bbox 445 2660 581 2727; x_wconf 75' lang='lat' dir='ltr'>&#39;voc</span> <span class='ocrx_word' id='word_1_199' title='bbox 624 2662 974 2743; x_wconf 86' lang='grc' dir='ltr'>ἀνώμαλον</span> <span class='ocrx_word' id='word_1_200' title='bbox 1030 2666 1145 2742; x_wconf 88' lang='grc' dir='ltr'>τὴν</span> <span class='ocrx_word' id='word_1_201' title='bbox 1190 2663 1517 2747; x_wconf 80' lang='grc' dir='ltr'>ποεῳδίαν</span> <span class='ocrx_word' id='word_1_202' title='bbox 1564 2664 1753 2743; x_wconf 80' lang='grc' dir='ltr'>φηεὶν</span> <span class='ocrx_word' id='word_1_203' title='bbox 1798 2662 1869 2727; x_wconf 84' lang='grc' dir='ltr'>ἐν</span> <span class='ocrx_word' id='word_1_204' title='bbox 1914 2670 1990 2746; x_wconf 84' lang='grc' dir='ltr'>τῇ</span> <span class='ocrx_word' id='word_1_205' title='bbox 2034 2663 2432 2744; x_wconf 77' lang='grc' dir='ltr'>Ὀδυεεειακῇ</span> <span class='ocrx_word' id='word_1_206' title='bbox 2478 2665 2834 2746; x_wconf 77' lang='grc' dir='ltr'>προεῳδίᾳ,</span> <span class='ocrx_word' id='word_1_207' title='bbox 2879 2663 3055 2727; x_wconf 87' lang='lat' dir='ltr'>unde</span> 
     </span>
     <span class='ocr_line' id='line_1_23' title="bbox 464 2759 3057 2850; baseline 0 -24"><span class='ocrx_word' id='word_1_208' title='bbox 464 2761 660 2827; x_wconf 85' lang='lat' dir='ltr'>facile</span> <span class='ocrx_word' id='word_1_209' title='bbox 704 2785 871 2850; x_wconf 89' lang='lat' dir='ltr'>quae</span> <span class='ocrx_word' id='word_1_210' title='bbox 914 2762 986 2827; x_wconf 90' lang='lat' dir='ltr'>in</span> <span class='ocrx_word' id='word_1_211' title='bbox 1028 2763 1109 2829; x_wconf 85' lang='lat' dir='ltr'>E.</span> <span class='ocrx_word' id='word_1_212' title='bbox 1155 2764 1247 2829; x_wconf 87' lang='lat' dir='ltr'>M.</span> <span class='ocrx_word' id='word_1_213' title='bbox 1295 2763 1634 2849; x_wconf 87' lang='lat' dir='ltr'>leguntur,</span> <span class='ocrx_word' id='word_1_214' title='bbox 1683 2762 1841 2827; x_wconf 88' lang='lat' dir='ltr'>oriri</span> <span class='ocrx_word' id='word_1_215' title='bbox 1884 2761 2232 2849; x_wconf 82' lang='lat' dir='ltr'>potuerint.</span> <span class='ocrx_word' id='word_1_216' title='bbox 2323 2759 2514 2825; x_wconf 90' lang='lat' dir='ltr'>Hanc</span> <span class='ocrx_word' id='word_1_217' title='bbox 2566 2760 2649 2825; x_wconf 90' lang='lat' dir='ltr'>de</span> <span class='ocrx_word' id='word_1_218' title='bbox 2693 2773 2839 2828; x_wconf 90' lang='lat' dir='ltr'>ortu</span> <span class='ocrx_word' id='word_1_219' title='bbox 2882 2763 3057 2830; x_wconf 83' lang='lat' dir='ltr'>tituli</span> 
     </span>
     <span class='ocr_line' id='line_1_24' title="bbox 467 2861 3057 2952; baseline 0.001 -23"><span class='ocrx_word' id='word_1_220' title='bbox 467 2865 843 2951; x_wconf 88' lang='lat' dir='ltr'>opinionem</span> <span class='ocrx_word' id='word_1_221' title='bbox 886 2866 952 2928; x_wconf 91' lang='lat' dir='ltr'>in</span> <span class='ocrx_word' id='word_1_222' title='bbox 999 2865 1213 2931; x_wconf 90' lang='lat' dir='ltr'>medio</span> <span class='ocrx_word' id='word_1_223' title='bbox 1257 2864 1632 2952; x_wconf 87' lang='lat' dir='ltr'>relinquens</span> <span class='ocrx_word' id='word_1_224' title='bbox 1678 2863 1937 2929; x_wconf 87' lang='lat' dir='ltr'>titulum</span> <span class='ocrx_word' id='word_1_225' title='bbox 1994 2864 2209 2947; x_wconf 87' lang='lat' dir='ltr'>ipsum</span> <span class='ocrx_word' id='word_1_226' title='bbox 2268 2863 2352 2927; x_wconf 88' lang='lat' dir='ltr'>ab</span> <span class='ocrx_word' id='word_1_227' title='bbox 2400 2861 2651 2928; x_wconf 88' lang='lat' dir='ltr'>Hillero</span> <span class='ocrx_word' id='word_1_228' title='bbox 2696 2862 3057 2931; x_wconf 84' lang='lat' dir='ltr'>labefacta·</span> 
     </span>
     <span class='ocr_line' id='line_1_25' title="bbox 465 2962 1975 3033; baseline -0.001 -4"><span class='ocrx_word' id='word_1_229' title='bbox 465 2975 600 3030; x_wconf 87' lang='lat' dir='ltr'>tum</span> <span class='ocrx_word' id='word_1_230' title='bbox 647 2989 793 3031; x_wconf 89' lang='lat' dir='ltr'>esse</span> <span class='ocrx_word' id='word_1_231' title='bbox 838 2989 986 3031; x_wconf 89' lang='lat' dir='ltr'>cum</span> <span class='ocrx_word' id='word_1_232' title='bbox 1027 2966 1302 3033; x_wconf 88' lang='lat' dir='ltr'>Lehrsio</span> <span class='ocrx_word' id='word_1_233' title='bbox 1348 2966 1629 3032; x_wconf 85' lang='lat' dir='ltr'>libenter</span> <span class='ocrx_word' id='word_1_234' title='bbox 1670 2962 1975 3030; x_wconf 83' lang='lat' dir='ltr'>concede.</span> 
     </span>
    </p>

    <p class='ocr_par' dir='ltr' id='par_1_4' title="bbox 457 3063 3095 4248">
     <span class='ocr_line' id='line_1_26' title="bbox 639 3063 3053 3155; baseline 0.001 -25"><span class='ocrx_word' id='word_1_235' title='bbox 639 3072 1069 3147; x_wconf 59' lang='lat' dir='ltr'>Epimeraelsmos</span> <span class='ocrx_word' id='word_1_236' title='bbox 1122 3091 1206 3133; x_wconf 84' lang='lat' dir='ltr'>ex</span> <span class='ocrx_word' id='word_1_237' title='bbox 1258 3068 1404 3155; x_wconf 92' lang='lat' dir='ltr'>ipso</span> <span class='ocrx_word' id='word_1_238' title='bbox 1460 3067 1782 3134; x_wconf 79' lang='lat' dir='ltr'>vocabulo</span> <span class='ocrx_word' id='word_1_239' title='bbox 1840 3065 2237 3145; x_wconf 76' lang='grc' dir='ltr'>ἐπιμεριεμό(</span> <span class='ocrx_word' id='word_1_240' title='bbox 2281 3063 2648 3130; x_wconf 89' lang='lat' dir='ltr'>Herodiani</span> <span class='ocrx_word' id='word_1_241' title='bbox 2701 3078 2916 3133; x_wconf 86' lang='lat' dir='ltr'>aetate</span> <span class='ocrx_word' id='word_1_242' title='bbox 2960 3070 3053 3132; x_wconf 91' lang='lat' dir='ltr'>in·</span> 
     </span>
     <span class='ocr_line' id='line_1_27' title="bbox 468 3164 3058 3235; baseline 0 -2"><span class='ocrx_word' id='word_1_243' title='bbox 468 3168 710 3233; x_wconf 86' lang='lat' dir='ltr'>usitato</span> <span class='ocrx_word' id='word_1_244' title='bbox 768 3180 834 3234; x_wconf 90' lang='lat' dir='ltr'>et</span> <span class='ocrx_word' id='word_1_245' title='bbox 885 3171 1138 3235; x_wconf 86' lang='lat' dir='ltr'>ratione</span> <span class='ocrx_word' id='word_1_246' title='bbox 1190 3167 1640 3234; x_wconf 87' lang='lat' dir='ltr'>huiuscemodi</span> <span class='ocrx_word' id='word_1_247' title='bbox 1691 3164 2064 3231; x_wconf 89' lang='lat' dir='ltr'>libellorum</span> <span class='ocrx_word' id='word_1_248' title='bbox 2108 3165 2474 3232; x_wconf 86' lang='lat' dir='ltr'>Herodiani</span> <span class='ocrx_word' id='word_1_249' title='bbox 2531 3178 2596 3233; x_wconf 89' lang='lat' dir='ltr'>et</span> <span class='ocrx_word' id='word_1_250' title='bbox 2651 3167 2948 3234; x_wconf 86' lang='lat' dir='ltr'>doctrina</span> <span class='ocrx_word' id='word_1_251' title='bbox 2992 3181 3058 3235; x_wconf 88' lang='lat' dir='ltr'>et</span> 
     </span>
     <span class='ocr_line' id='line_1_28' title="bbox 468 3267 3062 3358; baseline 0.002 -26"><span class='ocrx_word' id='word_1_252' title='bbox 468 3269 733 3354; x_wconf 87' lang='lat' dir='ltr'>ingenio</span> <span class='ocrx_word' id='word_1_253' title='bbox 799 3270 1072 3356; x_wconf 89' lang='lat' dir='ltr'>indigna</span> <span class='ocrx_word' id='word_1_254' title='bbox 1136 3272 1220 3335; x_wconf 92' lang='lat' dir='ltr'>ab</span> <span class='ocrx_word' id='word_1_255' title='bbox 1286 3271 1431 3357; x_wconf 90' lang='lat' dir='ltr'>ipso</span> <span class='ocrx_word' id='word_1_256' title='bbox 1497 3267 1875 3333; x_wconf 85' lang='lat' dir='ltr'>Herodiano</span> <span class='ocrx_word' id='word_1_257' title='bbox 1943 3289 2072 3332; x_wconf 90' lang='lat' dir='ltr'>non</span> <span class='ocrx_word' id='word_1_258' title='bbox 2140 3269 2538 3354; x_wconf 86' lang='lat' dir='ltr'>compositos</span> <span class='ocrx_word' id='word_1_259' title='bbox 2615 3293 2757 3336; x_wconf 90' lang='lat' dir='ltr'>csse</span> <span class='ocrx_word' id='word_1_260' title='bbox 2820 3273 3062 3358; x_wconf 88' lang='lat' dir='ltr'>probat</span> 
     </span>
     <span class='ocr_line' id='line_1_29' title="bbox 464 3368 3061 3457; baseline 0.001 -22"><span class='ocrx_word' id='word_1_261' title='bbox 464 3370 784 3436; x_wconf 86' lang='lat' dir='ltr'>Lehrsius</span> <span class='ocrx_word' id='word_1_262' title='bbox 830 3372 898 3435; x_wconf 87' lang='lat' dir='ltr'>in</span> <span class='ocrx_word' id='word_1_263' title='bbox 945 3370 1163 3436; x_wconf 90' lang='lat' dir='ltr'>Anall.</span> <span class='ocrx_word' id='word_1_264' title='bbox 1213 3371 1299 3436; x_wconf 89' lang='lat' dir='ltr'>ad</span> <span class='ocrx_word' id='word_1_265' title='bbox 1343 3369 1593 3435; x_wconf 88' lang='lat' dir='ltr'>Herod.</span> <span class='ocrx_word' id='word_1_266' title='bbox 1639 3391 1706 3454; x_wconf 90' lang='lat' dir='ltr'>p.</span> <span class='ocrx_word' id='word_1_267' title='bbox 1748 3369 1906 3450; x_wconf 79' lang='lat'>425,</span> <span class='ocrx_word' id='word_1_268' title='bbox 1964 3369 2074 3433; x_wconf 86' lang='lat' dir='ltr'>sed</span> <span class='ocrx_word' id='word_1_269' title='bbox 2120 3368 2296 3434; x_wconf 89' lang='lat' dir='ltr'>idem</span> <span class='ocrx_word' id='word_1_270' title='bbox 2356 3392 2426 3433; x_wconf 90' lang='lat' dir='ltr'>se</span> <span class='ocrx_word' id='word_1_271' title='bbox 2471 3392 2555 3434; x_wconf 82' lang='lat' dir='ltr'>ex</span> <span class='ocrx_word' id='word_1_272' title='bbox 2598 3370 3061 3457; x_wconf 88' lang='lat' dir='ltr'>Epimerismo-</span> 
     </span>
     <span class='ocr_line' id='line_1_30' title="bbox 463 3470 3058 3563; baseline 0.002 -27"><span class='ocrx_word' id='word_1_273' title='bbox 463 3495 611 3537; x_wconf 89' lang='lat' dir='ltr'>rum</span> <span class='ocrx_word' id='word_1_274' title='bbox 655 3470 949 3560; x_wconf 85' lang='lat' dir='ltr'>reliquiis</span> <span class='ocrx_word' id='word_1_275' title='bbox 1007 3470 1314 3557; x_wconf 90' lang='lat' dir='ltr'>colligere</span> <span class='ocrx_word' id='word_1_276' title='bbox 1381 3471 1542 3536; x_wconf 89' lang='lat' dir='ltr'>dicit</span> <span class='ocrx_word' id='word_1_277' title='bbox 1585 3470 1716 3563; x_wconf 84' lang='lat' dir='ltr'>iam</span> <span class='ocrx_word' id='word_1_278' title='bbox 1761 3481 1866 3535; x_wconf 87' lang='lat' dir='ltr'>sat</span> <span class='ocrx_word' id='word_1_279' title='bbox 1908 3470 2194 3556; x_wconf 87' lang='lat' dir='ltr'>antiquis</span> <span class='ocrx_word' id='word_1_280' title='bbox 2238 3471 2641 3557; x_wconf 87' lang='lat' dir='ltr'>temporibus</span> <span class='ocrx_word' id='word_1_281' title='bbox 2687 3473 3058 3540; x_wconf 85' lang='lat' dir='ltr'>scholarum</span> 
     </span>
     <span class='ocr_line' id='line_1_31' title="bbox 463 3571 3095 3658; baseline 0.001 -20"><span class='ocrx_word' id='word_1_282' title='bbox 463 3575 536 3638; x_wconf 90' lang='lat' dir='ltr'>in</span> <span class='ocrx_word' id='word_1_283' title='bbox 579 3596 772 3638; x_wconf 85' lang='lat' dir='ltr'>usum</span> <span class='ocrx_word' id='word_1_284' title='bbox 816 3574 954 3638; x_wconf 86' lang='lat' dir='ltr'>eius</span> <span class='ocrx_word' id='word_1_285' title='bbox 999 3574 1256 3658; x_wconf 86' lang='lat' dir='ltr'>generis</span> <span class='ocrx_word' id='word_1_286' title='bbox 1303 3571 1691 3657; x_wconf 86' lang='lat' dir='ltr'>scriptiones</span> <span class='ocrx_word' id='word_1_287' title='bbox 1737 3572 2070 3636; x_wconf 85' lang='lat' dir='ltr'>confectas</span> <span class='ocrx_word' id='word_1_288' title='bbox 2118 3594 2261 3636; x_wconf 85' lang='lat' dir='ltr'>esse</span> <span class='ocrx_word' id='word_1_289' title='bbox 2306 3572 2671 3637; x_wconf 85' lang='lat' dir='ltr'>Herodiani</span> <span class='ocrx_word' id='word_1_290' title='bbox 2712 3574 2899 3640; x_wconf 89' lang='lat' dir='ltr'>libris</span> <span class='ocrx_word' id='word_1_291' title='bbox 2946 3599 3095 3658; x_wconf 25' lang='grc' dir='ltr'>(ὲκ-ι</span> 
     </span>
     <span class='ocr_line' id='line_1_32' title="bbox 463 3671 3057 3762; baseline 0.002 -25"><span class='ocrx_word' id='word_1_292' title='bbox 463 3675 715 3762; x_wconf 88' lang='lat' dir='ltr'>pilatis.</span> <span class='ocrx_word' id='word_1_293' title='bbox 769 3674 1093 3761; x_wconf 83' lang='lat' dir='ltr'>Equidem</span> <span class='ocrx_word' id='word_1_294' title='bbox 1137 3672 1426 3739; x_wconf 86' lang='lat' dir='ltr'>collectis</span> <span class='ocrx_word' id='word_1_295' title='bbox 1474 3673 1773 3738; x_wconf 86' lang='lat' dir='ltr'>omnibus</span> <span class='ocrx_word' id='word_1_296' title='bbox 1821 3671 2013 3755; x_wconf 89' lang='lat' dir='ltr'>locis,</span> <span class='ocrx_word' id='word_1_297' title='bbox 2062 3694 2222 3759; x_wconf 90' lang='lat' dir='ltr'>quos</span> <span class='ocrx_word' id='word_1_298' title='bbox 2268 3697 2351 3738; x_wconf 80' lang='lat' dir='ltr'>ex</span> <span class='ocrx_word' id='word_1_299' title='bbox 2396 3673 2761 3739; x_wconf 87' lang='lat' dir='ltr'>Herodiani</span> <span class='ocrx_word' id='word_1_300' title='bbox 2794 3675 3057 3762; x_wconf 88' lang='lat' dir='ltr'>Epime-</span> 
     </span>
     <span class='ocr_line' id='line_1_33' title="bbox 464 3774 3053 3863; baseline 0.001 -23"><span class='ocrx_word' id='word_1_301' title='bbox 464 3777 690 3841; x_wconf 88' lang='lat' dir='ltr'>rismis</span> <span class='ocrx_word' id='word_1_302' title='bbox 747 3777 1123 3861; x_wconf 87' lang='lat' dir='ltr'>desumptos</span> <span class='ocrx_word' id='word_1_303' title='bbox 1185 3796 1330 3839; x_wconf 87' lang='lat' dir='ltr'>esse</span> <span class='ocrx_word' id='word_1_304' title='bbox 1386 3775 1531 3859; x_wconf 90' lang='lat' dir='ltr'>ipsa</span> <span class='ocrx_word' id='word_1_305' title='bbox 1586 3774 1983 3860; x_wconf 86' lang='lat' dir='ltr'>subscriptio</span> <span class='ocrx_word' id='word_1_306' title='bbox 2030 3774 2310 3857; x_wconf 85' lang='lat' dir='ltr'>indicat,</span> <span class='ocrx_word' id='word_1_307' title='bbox 2368 3777 2848 3863; x_wconf 85' lang='lat' dir='ltr'>comparatione</span> <span class='ocrx_word' id='word_1_308' title='bbox 2906 3801 3053 3842; x_wconf 90' lang='lat' dir='ltr'>cum</span> 
     </span>
     <span class='ocr_line' id='line_1_34' title="bbox 460 3874 3055 3964; baseline 0.001 -22"><span class='ocrx_word' id='word_1_309' title='bbox 460 3877 767 3962; x_wconf 83' lang='lat' dir='ltr'>germani</span> <span class='ocrx_word' id='word_1_310' title='bbox 835 3874 1196 3941; x_wconf 85' lang='lat' dir='ltr'>Herodiani</span> <span class='ocrx_word' id='word_1_311' title='bbox 1269 3874 1562 3962; x_wconf 88' lang='lat' dir='ltr'>reliquiis</span> <span class='ocrx_word' id='word_1_312' title='bbox 1632 3876 1936 3940; x_wconf 88' lang='lat' dir='ltr'>instituta</span> <span class='ocrx_word' id='word_1_313' title='bbox 1998 3875 2125 3940; x_wconf 81' lang='lat' dir='ltr'>viri</span> <span class='ocrx_word' id='word_1_314' title='bbox 2203 3875 2552 3941; x_wconf 87' lang='lat' dir='ltr'>clarissimi</span> <span class='ocrx_word' id='word_1_315' title='bbox 2617 3881 3055 3964; x_wconf 87' lang='lat' dir='ltr'>suspicionem</span> 
     </span>
     <span class='ocr_line' id='line_1_35' title="bbox 461 3976 3057 4063; baseline 0.001 -21"><span class='ocrx_word' id='word_1_316' title='bbox 461 3989 678 4044; x_wconf 86' lang='lat' dir='ltr'>ratam</span> <span class='ocrx_word' id='word_1_317' title='bbox 739 3986 807 4040; x_wconf 90' lang='lat' dir='ltr'>et</span> <span class='ocrx_word' id='word_1_318' title='bbox 857 3999 1081 4041; x_wconf 82' lang='lat' dir='ltr'>veram</span> <span class='ocrx_word' id='word_1_319' title='bbox 1141 3998 1284 4041; x_wconf 89' lang='lat' dir='ltr'>esse</span> <span class='ocrx_word' id='word_1_320' title='bbox 1340 3976 1560 4041; x_wconf 86' lang='lat' dir='ltr'>inveni</span> <span class='ocrx_word' id='word_1_321' title='bbox 1618 3977 1714 4041; x_wconf 89' lang='lat' dir='ltr'>ita</span> <span class='ocrx_word' id='word_1_322' title='bbox 1756 3986 1976 4041; x_wconf 85' lang='lat' dir='ltr'>tamen</span> <span class='ocrx_word' id='word_1_323' title='bbox 2032 3987 2107 4041; x_wconf 88' lang='lat' dir='ltr'>ut</span> <span class='ocrx_word' id='word_1_324' title='bbox 2162 3976 2481 4063; x_wconf 85' lang='lat' dir='ltr'>quaedam</span> <span class='ocrx_word' id='word_1_325' title='bbox 2534 3979 2907 4063; x_wconf 86' lang='lat' dir='ltr'>fragmenta</span> <span class='ocrx_word' id='word_1_326' title='bbox 2960 4005 3057 4045; x_wconf 88' lang='lat' dir='ltr'>re·-</span> 
     </span>
     <span class='ocr_line' id='line_1_36' title="bbox 457 4077 3056 4165; baseline 0.001 -21"><span class='ocrx_word' id='word_1_327' title='bbox 457 4087 806 4158; x_wconf 87' lang='lat' dir='ltr'>maneant,</span> <span class='ocrx_word' id='word_1_328' title='bbox 851 4100 1015 4163; x_wconf 89' lang='lat' dir='ltr'>quae</span> <span class='ocrx_word' id='word_1_329' title='bbox 1060 4101 1145 4142; x_wconf 82' lang='lat' dir='ltr'>ex</span> <span class='ocrx_word' id='word_1_330' title='bbox 1190 4077 1670 4164; x_wconf 88' lang='lat' dir='ltr'>suppositiciis,</span> <span class='ocrx_word' id='word_1_331' title='bbox 1728 4080 1844 4165; x_wconf 89' lang='lat' dir='ltr'>qui</span> <span class='ocrx_word' id='word_1_332' title='bbox 1886 4078 2226 4160; x_wconf 85' lang='lat' dir='ltr'>dicuntur,</span> <span class='ocrx_word' id='word_1_333' title='bbox 2283 4079 2738 4165; x_wconf 89' lang='lat' dir='ltr'>Epimerismis</span> <span class='ocrx_word' id='word_1_334' title='bbox 2784 4081 3056 4160; x_wconf 81' lang='lat' dir='ltr'>fluxisse</span> 
     </span>
     <span class='ocr_line' id='line_1_37' title="bbox 457 4182 875 4248; baseline -0.014 0"><span class='ocrx_word' id='word_1_335' title='bbox 457 4182 840 4248; x_wconf 80' lang='lat' dir='ltr'>videantur.</span> <span class='ocrx_word' id='word_1_336' title='bbox 871 4199 875 4203; x_wconf 51' lang='lat'>*</span> 
     </span>
    </p>

    <p class='ocr_par' dir='ltr' id='par_1_5' title="bbox 455 4279 3057 4970">
     <span class='ocr_line' id='line_1_38' title="bbox 635 4279 3057 4369; baseline 0 -24"><span class='ocrx_word' id='word_1_337' title='bbox 635 4281 789 4345; x_wconf 88' lang='lat' dir='ltr'>Duo</span> <span class='ocrx_word' id='word_1_338' title='bbox 845 4280 1007 4362; x_wconf 86' lang='lat' dir='ltr'>loci,</span> <span class='ocrx_word' id='word_1_339' title='bbox 1061 4279 1236 4344; x_wconf 87' lang='lat' dir='ltr'>unde</span> <span class='ocrx_word' id='word_1_340' title='bbox 1291 4280 1603 4344; x_wconf 87' lang='lat' dir='ltr'>universa</span> <span class='ocrx_word' id='word_1_341' title='bbox 1657 4282 1952 4367; x_wconf 84' lang='lat' dir='ltr'>quaestio</span> <span class='ocrx_word' id='word_1_342' title='bbox 2010 4282 2270 4347; x_wconf 86' lang='lat' dir='ltr'>initium</span> <span class='ocrx_word' id='word_1_343' title='bbox 2326 4305 2560 4369; x_wconf 87' lang='lat' dir='ltr'>capere</span> <span class='ocrx_word' id='word_1_344' title='bbox 2618 4283 2847 4365; x_wconf 87' lang='lat' dir='ltr'>debet,</span> <span class='ocrx_word' id='word_1_345' title='bbox 2904 4293 3057 4347; x_wconf 89' lang='lat' dir='ltr'>sunt</span> 
     </span>
     <span class='ocr_line' id='line_1_39' title="bbox 457 4379 3051 4469; baseline 0.001 -19"><span class='ocrx_word' id='word_1_346' title='bbox 457 4383 906 4450; x_wconf 85' lang='lat' dir='ltr'>Choerobosci</span> <span class='ocrx_word' id='word_1_347' title='bbox 939 4381 1024 4446; x_wconf 89' lang='lat' dir='ltr'>ad</span> <span class='ocrx_word' id='word_1_348' title='bbox 1057 4381 1515 4446; x_wconf 87' lang='lat' dir='ltr'>Theodosium.</span> <span class='ocrx_word' id='word_1_349' title='bbox 1575 4381 1684 4445; x_wconf 84' lang='lat' dir='ltr'>Ex</span> <span class='ocrx_word' id='word_1_350' title='bbox 1711 4381 1920 4447; x_wconf 85' lang='lat' dir='ltr'>altero</span> <span class='ocrx_word' id='word_1_351' title='bbox 1950 4405 2017 4468; x_wconf 88' lang='lat' dir='ltr'>p.</span> <span class='ocrx_word' id='word_1_352' title='bbox 2047 4384 2152 4464; x_wconf 81' lang='lat'>35,</span> <span class='ocrx_word' id='word_1_353' title='bbox 2179 4385 2249 4463; x_wconf 89' lang='lat'>3,</span> <span class='ocrx_word' id='word_1_354' title='bbox 2296 4386 2407 4469; x_wconf 92' lang='lat' dir='ltr'>qui</span> <span class='ocrx_word' id='word_1_355' title='bbox 2449 4386 2713 4450; x_wconf 86' lang='lat' dir='ltr'>transiit</span> <span class='ocrx_word' id='word_1_356' title='bbox 2743 4386 2807 4449; x_wconf 87' lang='lat' dir='ltr'>in</span> <span class='ocrx_word' id='word_1_357' title='bbox 2841 4379 3051 4453; x_wconf 86' lang='lat' dir='ltr'>Schol.</span> 
     </span>
     <span class='ocr_line' id='line_1_40' title="bbox 455 4481 2442 4567; baseline -0.002 -16"><span class='ocrx_word' id='word_1_358' title='bbox 455 4488 522 4551; x_wconf 90' lang='lat' dir='ltr'>A</span> <span class='ocrx_word' id='word_1_359' title='bbox 570 4483 661 4548; x_wconf 87' lang='lat' dir='ltr'>ad</span> <span class='ocrx_word' id='word_1_360' title='bbox 704 4481 782 4548; x_wconf 86' lang='grc' dir='ltr'>ΙΙ.</span> <span class='ocrx_word' id='word_1_361' title='bbox 831 4485 892 4548; x_wconf 94' lang='grc' dir='ltr'>Δ</span> <span class='ocrx_word' id='word_1_362' title='bbox 938 4484 1021 4548; x_wconf 83' lang='grc'>68</span> <span class='ocrx_word' id='word_1_363' title='bbox 1067 4494 1134 4549; x_wconf 86' lang='lat' dir='ltr'>et</span> <span class='ocrx_word' id='word_1_364' title='bbox 1179 4483 1257 4548; x_wconf 90' lang='lat' dir='ltr'>E.</span> <span class='ocrx_word' id='word_1_365' title='bbox 1301 4484 1392 4547; x_wconf 90' lang='lat' dir='ltr'>M.</span> <span class='ocrx_word' id='word_1_366' title='bbox 1443 4484 1593 4563; x_wconf 82' lang='lat'>779,</span> <span class='ocrx_word' id='word_1_367' title='bbox 1639 4483 1754 4564; x_wconf 76' lang='lat'>29,</span> <span class='ocrx_word' id='word_1_368' title='bbox 1801 4484 2109 4549; x_wconf 87' lang='lat' dir='ltr'>Eustath.</span> <span class='ocrx_word' id='word_1_369' title='bbox 2152 4485 2310 4567; x_wconf 81' lang='lat'>445,</span> <span class='ocrx_word' id='word_1_370' title='bbox 2356 4486 2442 4549; x_wconf 88' lang='grc'>30</span> 
     </span>
     <span class='ocr_line' id='line_1_41' title="bbox 458 4687 3053 4770; baseline 0 -15"><span class='ocrx_word' id='word_1_371' title='bbox 458 4687 1093 4767; x_wconf 75' lang='grc' dir='ltr'>ὑπερκύδανταεε</span> <span class='ocrx_word' id='word_1_372' title='bbox 1176 4687 1426 4763; x_wconf 78' lang='grc' dir='ltr'>λέγουεί</span> <span class='ocrx_word' id='word_1_373' title='bbox 1487 4708 1654 4752; x_wconf 72' lang='grc' dir='ltr'>τινες</span> <span class='ocrx_word' id='word_1_374' title='bbox 1721 4687 1818 4752; x_wconf 86' lang='grc' dir='ltr'>ὅτι</span> <span class='ocrx_word' id='word_1_375' title='bbox 1884 4689 1966 4752; x_wconf 83' lang='grc' dir='ltr'>ἐν</span> <span class='ocrx_word' id='word_1_376' title='bbox 2033 4692 2204 4753; x_wconf 74' lang='grc' dir='ltr'>τοῖς</span> <span class='ocrx_word' id='word_1_377' title='bbox 2273 4688 2817 4770; x_wconf 78' lang='grc' dir='ltr'>ἐπιμεριεμοῑε</span> <span class='ocrx_word' id='word_1_378' title='bbox 2887 4691 3053 4765; x_wconf 82' lang='grc' dir='ltr'>λέγει</span> 
     </span>
     <span class='ocr_line' id='line_1_42' title="bbox 455 4789 3055 4873; baseline 0 -18"><span class='ocrx_word' id='word_1_379' title='bbox 455 4790 983 4873; x_wconf 71' lang='grc' dir='ltr'>Ἡρωδιανὸς,</span> <span class='ocrx_word' id='word_1_380' title='bbox 1049 4789 1145 4853; x_wconf 86' lang='grc' dir='ltr'>ὅτι</span> <span class='ocrx_word' id='word_1_381' title='bbox 1192 4792 1425 4868; x_wconf 84' lang='grc' dir='ltr'>μετοχή</span> <span class='ocrx_word' id='word_1_382' title='bbox 1471 4791 1652 4854; x_wconf 73' lang='grc' dir='ltr'>ἐςτιν.</span> <span class='ocrx_word' id='word_1_383' title='bbox 1741 4791 1910 4867; x_wconf 84' lang='grc' dir='ltr'>λέγει</span> <span class='ocrx_word' id='word_1_384' title='bbox 1956 4791 2078 4869; x_wconf 86' lang='grc' dir='ltr'>γὰρ</span> <span class='ocrx_word' id='word_1_385' title='bbox 2133 4790 2230 4855; x_wconf 86' lang='grc' dir='ltr'>ὅτι</span> <span class='ocrx_word' id='word_1_386' title='bbox 2277 4790 2402 4855; x_wconf 80' lang='grc' dir='ltr'>ἑετὶ</span> <span class='ocrx_word' id='word_1_387' title='bbox 2459 4791 2734 4855; x_wconf 78' lang='grc' dir='ltr'>κυδαίνω</span> <span class='ocrx_word' id='word_1_388' title='bbox 2786 4791 3055 4868; x_wconf 86' lang='grc' dir='ltr'>ὑπερκυ-</span> 
     </span>
     <span class='ocr_line' id='line_1_43' title="bbox 456 4891 3055 4970; baseline -0.001 -12"><span class='ocrx_word' id='word_1_389' title='bbox 456 4893 663 4959; x_wconf 64' lang='lat' dir='ltr'>beivin</span> <span class='ocrx_word' id='word_1_390' title='bbox 719 4892 1001 4956; x_wconf 77' lang='grc' dir='ltr'>ἑκύδανα</span> <span class='ocrx_word' id='word_1_391' title='bbox 1055 4891 1331 4955; x_wconf 78' lang='grc' dir='ltr'>κυδάναε</span> <span class='ocrx_word' id='word_1_392' title='bbox 1375 4891 1814 4968; x_wconf 79' lang='grc' dir='ltr'>ὑπερκυδάναε</span> <span class='ocrx_word' id='word_1_393' title='bbox 1858 4891 2418 4970; x_wconf 77' lang='grc' dir='ltr'>ὑπερκυδάνανταε</span> <span class='ocrx_word' id='word_1_394' title='bbox 2472 4893 2574 4955; x_wconf 83' lang='grc' dir='ltr'>καὶ</span> <span class='ocrx_word' id='word_1_395' title='bbox 2628 4891 2787 4955; x_wconf 83' lang='grc' dir='ltr'>κατὰ</span> <span class='ocrx_word' id='word_1_396' title='bbox 2834 4913 3055 4967; x_wconf 76' lang='grc' dir='ltr'>ευγκο-</span> 
     </span>
    </p>
   </div>
   <div class='ocr_carea' id='block_1_3' title="bbox 537 4992 2652 5064">
    <p class='ocr_par' dir='ltr' id='par_1_6' title="bbox 537 4992 2652 5064">
     <span class='ocr_line' id='line_1_44' title="bbox 537 4992 2652 5064; baseline -0.002 -2"><span class='ocrx_word' id='word_1_397' title='bbox 537 5026 926 5064; x_wconf 68' lang='lat' dir='ltr'>nnnonunvs.</span> <span class='ocrx_word' id='word_1_398' title='bbox 971 5010 1015 5059; x_wconf 92' lang='lat'>1.</span> <span class='ocrx_word' id='word_1_399' title='bbox 2609 4992 2652 5057; x_wconf 88' lang='lat' dir='ltr'>b</span> 
     </span>
    </p>
   </div>
  </div>
 </body>
</html>
