3664 5546
660 369 754 417 011
1733 361 2148 410 PRAEFATIO.

661 519 1123 586 Huiuscemodi
1168 529 1322 583 sunt
1364 516 1568 581 multa
1623 516 2027 603 praescripta
2068 513 2422 581 Theodosii
2478 522 2542 578 et
2583 512 3048 595 Choerobosci,
3105 513 3221 577 sed

660 645 996 709 quousque
1051 618 1381 686 scribendi
1439 618 1773 684 barbaries
1830 618 2252 703 processerit,
2300 617 2582 682 maxime
2639 614 2848 680 elucet
2892 640 2973 680 ex
3017 615 3223 680 Theo-

659 726 875 808 gnosti
920 723 1294 788 canonibus.
1370 719 1730 784 Herodiani
1775 719 2206 805 temporibus,
2252 742 2449 806 quum
2495 719 2949 805 pronunciatio
2994 718 3225 783 horum

661 827 982 892 vocalium
1028 822 1312 889 nondum
1359 830 1494 885 tam
1537 820 1844 886 atrociter
1886 821 2244 907 depravata
2287 830 2489 902 esset,
2535 820 2694 886 talia
2736 843 2865 886 non
2895 821 2961 883 in
2994 820 3225 885 Ortho-

661 928 987 1014 graphieis
1051 932 1330 990 tractata
1396 944 1537 986 esse
1593 932 2098 988 consentaneum
2158 932 2277 987 est.
2375 923 2504 987 Sed
2571 924 2890 1010 quaedam
2951 921 3230 1006 vestigia

666 1026 1139 1095 vicissitudinis
1185 1022 1509 1091 vocalium
1564 1028 1586 1090 i
1630 1033 1694 1089 et
1736 1029 1776 1104 ἦ
1832 1025 1959 1089 iam
2015 1026 2296 1112 antiquis
2353 1024 2752 1112 temporibus
2809 1024 2875 1088 in
2932 1022 3228 1088 dialectis

667 1140 859 1217 atque
906 1130 1102 1193 etiam
1157 1129 1224 1190 in
1268 1127 1592 1192 communi
1650 1148 1945 1191 sermone
1999 1127 2371 1192 exstabant.
2460 1126 2687 1212 Neque
2742 1127 2882 1191 veri
2936 1122 3228 1190 absimile

667 1244 766 1296 est
809 1228 1259 1295 Herodianum
1302 1229 1369 1292 in
1414 1227 1899 1314 Orthographia
1942 1227 2027 1293 ad
2073 1230 2229 1293 haec
2274 1228 2630 1293 attendisse
2677 1238 2867 1314 atque
2911 1225 3229 1313 quaedam

667 1336 806 1398 cius
850 1332 1106 1416 generis
1149 1329 1610 1394 adnotamenta
1653 1339 1915 1394 servata
1960 1343 2110 1394 sunt
2152 1353 2193 1395 a
2222 1329 2710 1411 Choerobosco,
2757 1331 2866 1416 qui
2899 1351 3072 1394 more
3116 1350 3232 1392 suo

669 1433 1117 1498 Herodianum
1183 1432 1546 1517 exscripsit.
1654 1430 1724 1496 Si
1779 1430 2013 1497 Choer.
2072 1431 2258 1497 Orth.
2319 1432 2476 1514 241,
2535 1433 2575 1496 3
2640 1433 2937 1513 νηλήτηςῑ
3006 1433 3235 1509 γέγονε

668 1538 843 1616 παρὰ
883 1539 960 1602 τὸ
1005 1540 1082 1614 VH
1139 1537 1212 1600 τὸ
1270 1536 1626 1599 ἐπιτατικόν
1685 1536 1909 1614 μόριον
1954 1536 2056 1598 καὶ
2099 1536 2173 1598 τὸ
2207 1533 2444 1600 ἀλιτεῖν
2489 1536 2564 1600 τὸ
2597 1539 2900 1614 ςημαῖνον
2931 1535 3006 1600 τὸ
3040 1535 3232 1613 ἁμαρ-

670 1643 830 1704 τεῖν·
876 1640 977 1702 καὶ
1019 1638 1194 1704 ἄξιόν
1239 1637 1361 1701 ε’ςτι
1407 1640 1685 1718 ζητῆςαι,
1731 1635 1784 1701 εἰ
1827 1635 1952 1714 ἄρα
1995 1636 2071 1701 τὸ
2116 1638 2387 1716 νηλήτης
2432 1633 2561 1703 ἀπὸ
2607 1642 2722 1702 τοῦ
2767 1637 3006 1702 ἀλιτεῑν
3050 1637 3237 1712 γέγο-

672 1762 816 1822 νεν,
871 1741 946 1804 τὸ
1006 1742 1074 1804 δὲ
1132 1738 1369 1803 ἀλιτεῑν
1428 1738 1532 1802 διὰ
1585 1742 1700 1803 τοῦ
1754 1740 1776 1803 ἰ
1828 1738 2175 1821 γράφεται,
2231 1746 2369 1803 πῶς
2422 1740 2497 1803 τὸ
2553 1739 2827 1818 νηλήτης
2881 1739 2986 1803 διὰ
3039 1741 3153 1801 τοῦ
3198 1741 3237 1814 ἦ

673 1843 1013 1922 γράφεται·
1059 1841 1222 1905 ἔςτιν
1269 1839 1388 1903 οὖν
1434 1838 1665 1923 εἰπεῖν,
1711 1839 1807 1904 ὅτι
1855 1839 2095 1919 ἐτράπη
2138 1839 2445 1905 Αίολικῶς
2488 1841 2562 1905 τὸ
2594 1843 2615 1904 ἰ
2645 1841 2733 1906 εἰς
2763 1845 2836 1924 ἦ,
2882 1840 3088 1905 οὕτως
3116 1839 3237 1916 γὰρ

673 1946 748 2008 τὸ
795 1943 1041 2007 ἀκτῖνες
1087 1943 1188 2007 καὶ
1227 1943 1303 2005 τὸ
1349 1942 1653 2019 ψιμύθιον
1698 1944 1801 2005 διὰ
1846 1946 1961 2006 τοῦ
2004 1947 2042 2018 ἦ
2090 1942 2527 2021 προφέρονται
2574 1942 2636 2006 οἱ
2676 1942 2926 2007 Αἰολεῖς
2967 1978 3054 1988 -
3094 1960 3239 2003 con-

677 2044 852 2108 feras
910 2066 1052 2108 cum
1108 2042 1331 2126 glossa
1384 2040 1731 2124 Hesychii:
1792 2044 2080 2122 νηλήτεις
2135 2043 2590 2123 ἀναμάρτητοι·
2645 2046 2818 2122 παρὰ
2871 2046 2944 2109 τὸ
3001 2043 3239 2107 ἀλιτεῖν

677 2149 779 2211 καὶ
832 2147 904 2210 τὸ
962 2145 1267 2224 νηλίτιδες
1316 2180 1403 2190 -
1453 2165 1582 2206 non
1636 2144 1935 2227 ambigas
1990 2142 2440 2208 Herodianum
2500 2144 2568 2207 in
2624 2143 3109 2230 Orthographia
3162 2142 3243 2204 de

679 2248 869 2312 huius
914 2244 1220 2312 vocobuli
1265 2246 1589 2332 scriptura
1629 2245 1725 2309 ita
1780 2245 2024 2329 egisse,
2082 2255 2156 2310 ut
2208 2245 2607 2331 primitivam
2661 2247 2937 2312 formam
2994 2245 3242 2325 νηλίτης

679 2371 764 2413 ex
807 2370 1008 2434 eaque
1053 2350 1322 2427 νηλήτης
1376 2356 1824 2411 transversum
1882 2370 2025 2411 csse
2070 2346 2332 2414 dixerit.
2420 2348 2511 2412 Ut
2571 2349 2638 2410 in
2692 2350 2963 2429 νηλήτης
3017 2352 3037 2413 ἰ
3095 2349 3161 2411 in
3205 2351 3242 2424 ἦ

681 2450 1015 2515 transiisse
1060 2449 1365 2529 sumitur,
1414 2448 1505 2511 sic
1548 2455 1585 2528 ἦ
1633 2458 1956 2512 mutatum
2000 2471 2143 2513 esse
2188 2450 2254 2512 in
2300 2453 2320 2514 ἰ
2363 2449 2601 2514 dicitur
2646 2451 2710 2513 in
2758 2451 2889 2530 ἥκω
2917 2451 3055 2531 ἵκω,
3100 2470 3242 2512 eum

681 2576 806 2639 quo
855 2551 1169 2615 Choerob.
1215 2550 1358 2630 249,
1403 2550 1446 2613 4
1489 2552 1787 2637 quamvis
1834 2549 2210 2615 dubitanter
2254 2564 2590 2636 comparat
2642 2557 2851 2632 πηδᾶν
2908 2561 2973 2615 et
3024 2556 3241 2616 πιδᾶν;

682 2659 847 2724 πιδῶ
893 2654 996 2718 διὰ
1039 2658 1154 2717 τοῦ
1198 2656 1247 2719 i·
1301 2655 1339 2732 ἢ
1386 2655 1558 2732 παρὰ
1611 2655 1685 2724 τὸ
1730 2655 1855 2718 πίω
1910 2654 2140 2729 γέγονε
2194 2655 2232 2733 ἢ
2289 2654 2505 2732 ἐπειδὴ
2561 2659 2771 2733 πηδᾶν
2830 2655 3100 2735 λέγομεν
3147 2655 3249 2717 ἐπὶ

683 2762 798 2823 τοῦ
844 2756 1205 2836 ἁλλομένου
1251 2754 1481 2820 ὕδατος
1526 2756 1699 2835 παρὰ
1741 2757 1815 2820 τὸ
1862 2760 2045 2835 πηδῶ
2090 2756 2250 2821 κατὰ
2305 2757 2627 2835 μετάθεςιν
2672 2760 2787 2821 τοῦ
2834 2763 2869 2835 η
2926 2756 3015 2823 εἰς
3059 2759 3081 2821 ἰ
3134 2756 3246 2821 ὥς·

685 2881 804 2938 περ
849 2860 980 2938 ἥκω
1026 2859 1128 2922 καὶ
1166 2858 1285 2922 ἵκω
1331 2859 1434 2921 διὰ
1478 2860 1591 2921 τοῦ
1636 2860 1673 2934 ἦ
1718 2859 1818 2920 καὶ
1860 2860 1911 2939 i,
1956 2879 2198 2921 memor
2242 2856 2521 2921 fortasse
2563 2856 3018 2922 Herodianeae
3061 2858 3249 2942 origi-

689 2959 970 3025 nationis
1017 2955 1320 3022 vocabuli
1364 2959 1533 3037 πηγή
1579 2979 1618 3019 a
1661 2962 1844 3035 πηδῶ
1887 2957 1953 3020 in
1994 2957 2104 3021 Et.
2151 2957 2373 3023 Orion.
2426 2960 2575 3040 138,
2627 2961 2701 3025 17
2747 2963 2915 3039 πηγή
2960 2961 3135 3039 παρὰ
3176 2961 3250 3024 τὸ

687 3067 871 3141 πηδῶ
918 3061 1082 3140 ῥῆμα
1125 3062 1293 3137 πηδή
1325 3061 1426 3123 καὶ
1463 3061 1662 3138 πηγή·
1706 3058 2097 3137 Ἡρωδιανὸς
2141 3061 2209 3125 ἐν
2242 3062 2721 3146 Ἐπιμεριςμοῖς,
2766 3062 2938 3146 quod
2981 3060 3255 3126 recurrit

690 3185 793 3247 ap.
841 3160 1069 3225 Choer.
1101 3159 1289 3223 Orth.
1319 3160 1464 3240 249,
1512 3159 1550 3222 8
1599 3158 1710 3242 (cf.
1757 3158 2010 3224 Ahrens
2057 3160 2138 3225 de
2183 3161 2336 3227 dial.
2371 3162 2554 3227 Aeol.
2604 3187 2667 3250 p.
2704 3164 2875 3246 186).
2930 3161 3253 3250 Equidem

691 3264 921 3348 opinor
965 3260 1414 3327 Herodianum
1456 3267 1623 3356 πιδῶ
1668 3283 1707 3323 a
1749 3262 1874 3326 πίω
1918 3284 2345 3347 propagasse,
2404 3286 2609 3351 aeque
2661 3275 2854 3351 atque
2898 3265 2982 3331 ab
3029 3264 3253 3330 codem

693 3364 895 3430 verbo
941 3368 1127 3429 πῑδαξ
1171 3363 1412 3427 inserto
1459 3368 1496 3427 δ
1541 3360 1846 3447 repetivit
1888 3384 1989 3448 ap.
2034 3363 2329 3429 Eustath.
2379 3365 2535 3446 890,
2582 3365 2651 3447 9,
2710 3366 2826 3430 sed
2882 3366 3252 3431 Lobeekius

696 3463 1004 3530 Technol.
1049 3465 1170 3528 207
1214 3486 1344 3528 non
1390 3462 1669 3529 absurde
1714 3465 1923 3529 πιδύω
1969 3486 2115 3527 cum
2170 3452 2377 3545 πηδᾶν
2438 3468 2740 3554 componi
2792 3467 3058 3533 iudicat.
3151 3467 3255 3532 Sic

696 3568 1054 3649 Τελμιςςός,
1101 3565 1274 3651 quod
1319 3588 1421 3651 ap.
1457 3565 1676 3651 steph.
1709 3566 1872 3651 Byz.
1917 3567 2268 3647 Τελμηςςός
2313 3569 2624 3654 scriptum
2667 3579 2797 3644 est,
2843 3569 3257 3635 Herodianus

696 3692 800 3755 ap.
836 3667 1076 3731 Arcad.
1102 3668 1201 3749 77,
1240 3669 1314 3733 13
1345 3680 1410 3733 et
1439 3668 1507 3731 in
1535 3667 1703 3735 libro
1735 3671 1879 3748 περὶ
1909 3675 2134 3734 παθῶν
2166 3692 2270 3754 ap.
2298 3668 2598 3734 Eustath.
2627 3671 2711 3734 ad
2743 3671 3019 3756 Dionys,
3049 3696 3111 3735 v.
3138 3670 3261 3733 895

700 3768 987 3859 scripsit,
1033 3768 1204 3833 unde
1248 3772 1515 3836 coniicio
1561 3793 1707 3835 eum
1749 3771 1818 3833 in
1851 3769 2337 3855 Orthographia
2382 3771 2461 3834 de
2498 3772 2857 3838 variatione
2903 3774 3263 3859 scripturae

704 3871 1107 3936 disseruisse.
1208 3872 1434 3958 Neque
1490 3870 1753 3951 dubito,
1812 3873 1970 3956 quin
2025 3870 2106 3934 de
2164 3871 2487 3957 scriptura
2538 3876 2804 3954 φιλητής
2858 3885 2924 3940 et
2978 3876 3265 3956 φηλητής

703 3972 1166 4059 disputaverit,
1236 3973 1468 4038 collato
1528 3972 1758 4037 Choer.
1818 3972 2208 4054 Orth.„271,
2268 3975 2352 4038 30
2406 3983 2471 4038 et
2523 3974 2888 4059 Hesychio,
2958 4000 3041 4041 ex
3084 3976 3267 4040 cuius

701 4074 1020 4161 scriptura
1063 4077 1346 4156 φηλητής
1390 4072 1704 4138 concludo
1750 4075 2138 4159 scripturam
2182 4098 2297 4160 per
2339 4082 2377 4153 η
2424 4076 2507 4140 ab
2554 4098 2627 4140 eo
2660 4077 3031 4162 probatam,
3076 4082 3263 4164 peri,

701 4198 896 4262 quam
939 4176 1205 4261 Trypho
1251 4174 1622 4259 adoptavit,
1668 4177 1975 4239 reiectam
2020 4199 2184 4240 esse.
2269 4177 2500 4242 Obiter
2550 4179 2865 4245 admoneo
2912 4179 3267 4244 formarum

705 4280 915 4358 Τίγρις
959 4290 1025 4342 et
1068 4279 1330 4357 Τίγρης,
1377 4276 1826 4360 genetivorum
1874 4280 2165 4357 βαςίληος
2197 4287 2261 4342 et
2293 4280 2598 4363 βαςιλίος,
2642 4282 2874 4346 πόλιος
2917 4292 2982 4346 et
3025 4283 3267 4359 πόληος

706 4381 791 4444 cf.
838 4378 1095 4443 Ahrens
1141 4376 1223 4440 de
1268 4377 1420 4442 dial.
1463 4377 1651 4443 Aeol.
1696 4402 1760 4464 p.
1808 4379 1892 4442 94
1936 4390 2000 4444 et
2048 4382 2188 4462 117,
2235 4380 2637 4467 Hesychiani
2683 4389 2839 4467 ςηγᾷ
2883 4389 3102 4467 ςιωπᾷ.

868 4481 1092 4563 Longe
1136 4480 1537 4565 frequentior
1581 4490 1678 4545 est
1720 4481 2104 4547 vicissitudo
2150 4481 2395 4549 vocalis
2441 4488 2478 4563 ἦ
2538 4506 2686 4548 cum
2746 4482 3146 4569 diphthongo
3193 4489 3267 4562 εἰ,

705 4583 982 4670 primum
1048 4604 1118 4645 se
1182 4581 1461 4646 offerunt
1523 4583 1728 4647 verba
1791 4584 1994 4665 νείφω
2058 4594 2123 4649 et
2181 4588 2404 4668 νήφω,
2472 4583 2561 4649 ἅθ’
2617 4607 2890 4671 quorum
2951 4584 3273 4671 scriptura

705 4684 1151 4749 Herodianum
1193 4684 1260 4746 in
1307 4682 1790 4768 Orthographia
1832 4684 2079 4749 dixisse
2126 4685 2426 4750 similiter
2468 4687 2697 4771 opinor
2753 4697 2947 4771 atque
2991 4688 3061 4749 in
3105 4685 3271 4751 libro

709 4787 852 4865 περὶ
895 4792 1199 4864 ςυζυγιῶν
1257 4807 1358 4872 ap.
1406 4784 1692 4870 Theogn.
1742 4784 1894 4849 138:
1952 4789 2029 4852 τὰ
2084 4790 2187 4853 διὰ
2242 4794 2356 4853 τοῦ
2410 4794 2562 4869 ῆᾳῖω
2619 4791 2959 4870 διςύλλαβα
3015 4790 3272 4855 ςπάνια·
