3664 5546
1146 407 1305 465 περι
1347 408 1740 465 κΑοοΛικΗς
1775 408 2199 466 apotomae
2234 412 2286 465 ς.
2896 413 3016 477 149

594 582 690 647 Τὰ
730 582 822 647 εἰς
864 584 979 646 ιῖὃῖ
1022 580 1366 663 διςύλλαβα
1407 585 1662 662 τριγενῆ
1720 582 2013 649 ὀξύνεται
2069 579 2215 649 οἷον
2271 583 2582 667 λευκός,
2634 586 3013 668 γλαυκός,

425 685 692 765 μικκός
739 686 918 751 «τοῖς
949 687 1190 763 μικκοῖς
1220 685 1405 765 μικκὰ
1433 685 1648 751 δίδωςι
1678 684 1867 751 θεός»
1912 686 2084 765 πλὴν
2112 689 2246 751 τῶν
2276 686 2787 765 παραληγόντων
2815 695 2908 770 τῷ
2940 690 3011 752 ὦ.

594 786 688 852 Τὰ
741 786 829 853 εἰς
884 792 996 852 κός
1055 788 1215 867 ὑπὲρ
1272 785 1392 854 δύο
1448 788 1762 869 ςυλλαβὰς
1818 793 1862 852 ἇ
1914 788 2443 871 παραληγόμενα,
2500 788 2581 856 οὗ
2636 793 3013 869 προηγεῖται

424 890 775 970 ςύμφωνον
820 890 859 969 ἢ
906 890 1247 973 ςύμφωνα,
1291 888 1477 969 κύρια
1520 889 1681 957 ὄντα
1728 889 2096 973 βαρύνεται,
2152 890 2590 975 Λάβδακος,
2634 891 3012 977 Πίνακος,

425 992 920 1076 Ἀςςάρακος,
962 994 1257 1059 Ἴθακος
1303 991 1491 1072 ἥρως.
1556 993 1633 1058 τὸ
1678 990 1932 1059 ἑθνικόν
1976 991 2344 1074 ὁμοφώνως
2388 1000 2480 1077 τῷ
2525 993 2761 1079 οἰκιςτῇ
2807 996 3007 1059 «Ἴθα-
3036 1008 3070 1055 5

421 1116 536 1161 κος
590 1094 982 1162 Ὀδυςςεύς».
1069 1094 1468 1179 Φύλακος,
1522 1094 1896 1177 Ὕλακος,
1956 1096 2327 1175 Νώρακος
2378 1097 2566 1162 πόλις
2619 1096 3007 1164 Παννονίας.

425 1197 763 1265 Γάζακος
819 1198 994 1277 κώμη
1048 1196 1289 1279 μεγάλη
1344 1200 1455 1277 τῆς
1513 1196 1774 1276 Μηδίας.
1821 1197 2152 1278 Ἀρριανὸς
2208 1197 2280 1263 ἐν
2332 1199 2675 1278 Παρθικῶν
2741 1200 3008 1286 τετάρτῃ

423 1304 575 1379 «τῆς
622 1299 901 1368 Γαζάκου
916 1324 960 1364 ».
1037 1299 1411 1380 Θάψακος
1455 1299 1642 1365 πόλις
1689 1298 1914 1378 (υρίας
1968 1300 2134 1383 πρὸς
2185 1306 2278 1385 τῷ
2321 1300 2638 1386 Εὐφράτῃ.
2714 1301 3005 1382 Θεόπομ-

419 1423 544 1468 πος
588 1402 659 1467 ἐν
702 1402 1100 1468 Φιλιππικῶν
1144 1401 1351 1486 τρίτῳ.
1420 1401 1820 1482 ςεςημείωται
1864 1403 1940 1467 τὸ
1987 1403 2053 1467 Ἀ
2067 1401 2343 1468 ςτακός
2370 1436 2457 1452 --
2485 1403 2671 1469 πόλις
2719 1405 3007 1470 Βιθυνίας

418 1505 551 1570 ἀπὸ
608 1505 908 1570 Ἀςτακοῦ
961 1507 1078 1569 τοῦ
1132 1504 1544 1571 Ποςειδῶνος
1601 1505 1704 1569 καὶ
1759 1504 2014 1586 νύμφης
2070 1502 2352 1588 Ὀλβίας,
2411 1506 2502 1571 ὡς
2548 1506 2878 1586 Ἀρριανὸς
2934 1508 3005 1573 ἐν
3050 1520 3109 1569 ιο

420 1609 817 1673 Βιθυνιακοῖς
859 1606 1111 1687 ἱςτορεῖ.
1185 1607 1312 1673 ἔςτι
1356 1608 1459 1672 καὶ
1502 1606 1914 1687 Ἀκαρνανίας
1959 1606 2145 1673 πόλις
2178 1627 2267 1656 —2
2303 1609 2409 1673 καὶ
2454 1608 2859 1675 Ναννακός
2904 1611 3007 1675 καὶ

420 1709 778 1790 Θημακός
823 1713 1024 1790 δῆμος
1066 1711 1178 1787 τῆς
1223 1709 1623 1789 Ἐρεχθηῖδος
1666 1711 1893 1790 φυλῆς.

589 1842 627 1878 ιι
671 1811 767 1877 Τὰ
830 1811 921 1878 εἰς
961 1812 1132 1877 ‘ct-xo?
1196 1810 1480 1891 λήγοντα
1543 1812 1956 1894 τριςύλλαβα,
2020 1813 2138 1891 τὴν
2201 1812 2466 1893 πρώτην
2530 1815 2846 1894 ςυλλαβὴν
2915 1814 3004 1881 εἰς

417 1915 819 1998 ἀμετάβολον
861 1915 1345 1994 καταλήγουςαν
1389 1913 1626 1994 ἔχοντα
1669 1913 2255 1998 προπαροξύνεται,
2322 1914 2750 1996 Λάμψακος
2817 1917 3004 1982 πόλις

419 2020 577 2084 κατὰ
629 2021 747 2099 τὴν
790 2015 1211 2097 Προποντίδα
1264 2015 1395 2082 ἀπὸ
1440 2016 1821 2101 Λαμψάκης,
1879 2015 2221 2097 ἐπιχωρίας
2274 2019 2451 2084 τινὸς
2505 2017 2713 2099 κόρης.
2789 2018 3000 2084 Ῥύν-
3042 2031 3103 2083 15

416 2125 656 2188 δακος
700 2121 887 2186 πόλις
930 2120 1033 2184 καὶ
1085 2119 1376 2198 ποταμὸς
1431 2118 1660 2199 μεταξὺ
1706 2118 1986 2198 Φρυγίας
2041 2119 2144 2183 καὶ
2195 2119 2663 2199 Ἑλληςπόντου
2708 2120 3001 2205 «Ῥύγδα-

414 2243 533 2288 κον
594 2223 758 2305 ἀμφὶ
824 2222 1303 2303 βαθύςχοινον».
1393 2221 1650 2298 λέγεται,
1706 2222 1807 2286 καὶ
1872 2219 2154 2287 Ῥύνδαξ.
2215 2221 2593 2301 Ὕρτακος
2662 2222 2834 2302 ἥρως
2901 2225 3003 2289 καὶ

414 2327 602 2392 πόλις
650 2326 905 2405 Κρήτης.
981 2322 1433 2402 (πάρτακος
1476 2323 1662 2390 πόλις
1708 2323 1975 2407 Θρᾴκης.
2021 2323 2469 2405 Ἐρατοςθένης
2524 2325 2594 2389 ἐν
2643 2326 2998 2390 Γαλατικῶν

414 2429 710 2513 δευτέρῳ.
798 2426 1242 2508 Φάρνακος,
1285 2426 1659 2505 Ἄρτακος
1711 2425 1904 2492 ἔθνος
1949 2426 2244 2508 Θρᾴκιον.
2332 2427 2758 2506 Ἄμβρακος
2815 2427 2997 2492 πολί-

413 2550 599 2609 χνιον
642 2532 754 2608 τῆς
798 2528 1115 2609 Ἠπείρου.
3033 2544 3102 2593 20

585 2658 623 2692 κ
667 2631 761 2697 Τὰ
805 2634 877 2697 δὲ
937 2631 1026 2697 εἰς
1078 2631 1234 2695 &co—c
1292 2631 1573 2711 λήγοντα
1624 2631 1741 2710 τὴν
1785 2630 2047 2711 πρώτην
2094 2631 2411 2711 ςυλλαβὴν
2456 2630 2545 2695 εἰς
2589 2629 2863 2711 ἄφωνον
2921 2633 2996 2697 τὸ

412 2733 604 2817 αὐτό,
649 2732 773 2815 ἀφ’
817 2732 897 2801 οὗ
941 2732 1199 2814 ἄρχεται
1242 2733 1282 2813 ἡ
1325 2732 1621 2817 δευτέρα,
1665 2732 2149 2811 καταλήγουςαν
2178 2732 2416 2813 ἔχοντα
2446 2732 2768 2817 ὀξύνεται,
2812 2734 2993 2801 Πιτ-

411 2837 644 2903 τακός
690 2838 791 2901 καὶ
832 2838 912 2902 τὰ
955 2836 1161 2916 ὅμοια.

581 2967 619 3004 ιε
667 2939 762 3004 Τὰ
804 2939 893 3005 εἰς
936 2942 1070 3003 ῖ<“ο“ς“
1114 2939 1274 3018 ὑπὲρ
1318 2939 1438 3004 δύο
1484 2939 1798 3020 ςυλλαβὰς
1843 2943 1885 3002 ἃ
1925 2938 2452 3022 παραληγόμενα,
2498 2938 2579 3006 οὗ
2620 2943 2994 3019 προηγεῖται

412 3046 709 3124 φωνῆεν,
754 3041 1073 3124 ὀξύνεται,
1124 3040 1586 3123 Καλλιακός,
1632 3041 1948 3125 Αἰακός,
1992 3040 2283 3107 Πιακός
2328 3041 2515 3108 πόλις
2562 3041 2853 3108 (ικελίας.
3031 3058 3094 3108 25

409 3367 558 3419 Hiet.
597 3365 794 3416 Graec.
832 3365 1010 3431 fragg.
1047 3365 1076 3415 1
1112 3381 1163 3431 p.
1199 3381 1317 3431 xvt,
1357 3367 1450 3432 qui
1485 3363 1802 3419 Πακτωλός
1840 3382 1938 3433 pro
1972 3363 2219 3421 Πάωλος
2254 3367 2606 3419 scribendum
2640 3366 2801 3421 vidit.

408 3435 444 3485 l.
482 3438 514 3485 2
560 3431 753 3498 μικκός
797 3434 978 3484 adieci
1024 3450 1092 3484 ex
1136 3435 1238 3500 Ep.
1278 3435 1366 3485 Cr.
1405 3437 1432 3486 1
1478 3437 1605 3498 263,
1644 3437 1724 3487 17.
1809 3435 1993 3486 Verba
2038 3439 2166 3486 sunt
2210 3435 2564 3498 Callimachi,
2613 3439 2677 3486 ut
2759 3441 2879 3487 atet
2926 3454 2991 3487 ex

411 3504 472 3553 Ε.
510 3505 585 3554 Μ.
621 3503 740 3566 587,
776 3503 868 3565 36,
907 3502 1000 3552 ubi
1048 3506 1232 3552 tamen
1266 3501 1473 3554 δίδουςι
1501 3499 1637 3564 ,θεοί
1680 3502 1898 3570 legitur.
1971 3505 2055 3554 Ex
2100 3504 2202 3554 boc
2249 3520 2458 3554 canone
2505 3452 2760 3555 concludi
2808 3510 2994 3570 potest

409 3570 789 3622 Herodianum
826 3571 1014 3634 μῶκος
1051 3570 1426 3624 «cavillator»
1464 3587 1572 3623 non
1608 3571 1937 3623 discrevisse
1983 3588 2018 3622 a
2055 3573 2243 3634 μῶκος
2279 3572 2668 3626 «cavillatio».
2742 3572 2815 3622 cf.
2852 3575 2990 3627 Lob.

379 3637 612 3691 'Pan-all.
648 3641 764 3690 345.
990 3637 1025 3689 Ι.
1063 3641 1095 3689 5
1134 3636 1462 3703 Ἀςςάρακος
1500 3656 1596 3705 pro
1635 3638 1944 3706 Ἀμάρακος
1980 3640 2204 3690 exhibui
2240 3641 2440 3692 omisso
2476 3639 2582 3692 καί.
2654 3639 2867 3692 Ἴθακος
2902 3658 2989 3691 ex-

448 3707 561 3758 levi
597 3722 666 3756 ex
702 3705 784 3757 St.
819 3708 882 3757 B.
919 3706 1044 3768 328,
1083 3709 1175 3769 22,
1214 3706 1473 3759 Φύλακος
1510 3705 1755 3761 Ὕλακος
1802 3725 1872 3759 ex
1917 3707 1982 3760 Il.
2018 3710 2109 3760 Pr.
2145 3707 2190 3760 Ω
2225 3710 2325 3760 566
2373 3710 2445 3759 cs.
2494 3709 2630 3760 Lob.
2670 3708 2836 3760 Proll.
2873 3712 2992 3760 307.

459 3773 682 3840 ώρακος
717 3802 782 3810 -
819 3772 1086 3838 Θάψακος
1135 3790 1201 3824 ex
1239 3777 1319 3826 st.
1355 3778 1417 3827 Β.
1453 3803 1519 3812 -
1556 3777 1661 3827 Pro
1700 3775 1930 3829 Ἀςακός
1978 3793 2101 3827 cnm
2135 3777 2271 3831 Lob.
2310 3777 2478 3828 Proll.
2515 3779 2614 3829 308
2659 3793 2759 3831 scr.
2801 3776 2989 3830 Ἀςτα-

408 3842 505 3895 κός
553 3851 610 3894 et
645 3858 743 3908 pro
782 3841 1016 3895 Ἀλακός
1064 3858 1187 3893 cum
1222 3844 1358 3894 Lob.
1407 3849 1465 3894 et
1501 3845 1668 3896 Mein.
1713 3845 1786 3896 ad
1831 3846 1914 3897 St.
1947 3847 2010 3896 B.
2057 3846 2183 3904 329,
2220 3847 2250 3897 7
2298 3845 2459 3911 posui
2497 3843 2816 3907 Ναννακός,
2864 3863 2990 3897 nam

408 3908 678 3963 Μαλακός
714 3910 937 3961 dubium
972 3916 1075 3962 est.
1126 3908 1432 3964 Καλλιακός
1468 3917 1652 3963 autem
1689 3914 1873 3976 omisi,
1912 3929 2076 3979 quum
2113 3915 2181 3964 ab
2220 3914 2321 3964 hoc
2345 3929 2587 3974 canone,
2626 3913 2814 3978 quide
2850 3927 2986 3966 ακος

406 3981 559 4031 exitu
595 3978 962 4046 praecedente
1001 3995 1244 4030 consona
1269 3982 1410 4046 agit,
1437 3980 1677 4032 alienum
1714 3982 1813 4044 eit,
1853 3981 1951 4032 sed
1978 3978 2023 4033 Θ
2066 3980 2242 4046 μακός
2280 3998 2349 4032 ex
2374 3982 2454 4033 St.
2482 3983 2544 4032 Β.
2570 3980 2785 4038 addidi.
2823 3997 2987 4047 quum

404 4049 682 4100 demotum
707 4048 1023 4113 oxytoneeis
1044 4047 1290 4113 legitima
1316 4049 1405 4099 eit.
1453 4049 1562 4100 Sed
1588 4051 1747 4101 omisi
1770 4048 2038 4113 Θαυμακο
2084 4049 2299 4100 incolas
2320 4050 2475 4101 urbis
2498 4046 2808 4112 Θαυμακία,
2846 4066 2987 4115 quae

407 4117 574 4169 etiam
630 4112 920 4178 Θαύμακοι
966 4121 1220 4180 vocatur,
1275 4116 1345 4166 ab
1410 4117 1575 4168 heroe
1622 4116 1921 4182 Θαύμακος
1976 4117 2291 4184 appellata,
2345 4119 2439 4184 qui
2483 4121 2574 4181 90,
2625 4120 2648 4166 1
2699 4115 2986 4182 Θαύμακοι

406 4189 881 4252 proparoxytonos
915 4183 1189 4235 dicuntur.
1238 4200 1399 4250 porro
1435 4183 1675 4238 Τιτακός
1711 4186 1904 4252 κύριον
1940 4202 1990 4251 p.
2016 4187 2136 4248 626,
2167 4188 2243 4248 12,
2283 4183 2554 4249 Βρυςακοί
2590 4183 2752 4236 ἔθνος
2792 4188 2907 4247 188,
2940 4189 2984 4248 1,

404 4269 630 4320 quornm
665 4258 928 4303 accentus
969 4254 1040 4303 ab
1077 4267 1265 4302 norma
1311 4253 1540 4303 recedit.
1608 4254 1822 4306 Addere
1869 4254 2024 4320 potui
2061 4251 2335 4317 Τρίνακος
2379 4252 2411 4304 ὀ
2446 4253 2830 4316 Ποςειδῶνος,
2879 4255 2986 4304 nisi

402 4323 617 4372 incerto
653 4319 899 4384 Sibyllae
935 4320 1254 4371 testimonio
1290 4320 1594 4373 fulciretur.
1733 4322 1769 4376 l.
1810 4324 1873 4374 13
1910 4337 2173 4371 canonem
2209 4322 2414 4387 sumpsi
2449 4337 2516 4372 ex
2550 4321 2617 4372 11.
2652 4323 2742 4373 Pr.
2782 4319 2826 4374 Ν
2866 4323 2983 4380 769,

404 4388 734 4453 Λάμψακος,
774 4386 1070 4441 Ῥύνδακος
1106 4416 1171 4423 -
1207 4388 1284 4439 de·
1312 4405 1416 4454 quo
1455 4390 1640 4442 schol.
1685 4390 1756 4440 ad
1801 4389 1978 4455 Apoll.
2018 4390 2149 4440 1165
2192 4404 2301 4440 non
2347 4394 2519 4439 recte:
2557 4388 2857 4441 Ῥυνδακός
2904 4389 2984 4442 ὡς

404 4455 632 4510 Αἰακός·
669 4485 735 4492 -
773 4454 1070 4509 Ῥύνδακοε
1106 4457 1362 4520 ποταμός
1398 4456 1511 4509 ἑςτι
1547 4454 1819 4522 Φρυγίας,
1858 4456 1925 4508 οὗ
1965 4454 2236 4522 μέμνηται
2272 4454 2642 4522 Βακχυλίδης,
2681 4456 2826 4507 unde
2864 4459 2983 4509 iure

402 4525 788 4577 Schneidewin
833 4540 920 4590 ap.
965 4525 1167 4591 Bergk.
1216 4527 1408 4591 fragm.
1457 4525 1714 4590 Bacchyl.
1759 4527 1825 4577 67
1872 4526 2184 4590 suspicatur
2230 4526 2399 4576 verba
2445 4530 2647 4590 poetae
2693 4527 2763 4576 ab
2809 4527 2983 4578 Hero-

404 4594 567 4645 diano
615 4593 778 4644 allati
823 4608 943 4645 esse
991 4593 1341 4658 Bacchylidie
1376 4621 1442 4630 —
1477 4592 1551 4646 ’Ύ
1587 4606 1756 4644 τακος
1804 4610 1872 4643 ex
1908 4593 1989 4643 St.
2028 4595 2085 4643 B.
2138 4592 2356 4659 explevi
2400 4592 2630 4657 reliquis
2658 4594 2980 4645 nominibus

403 4678 471 4712 ex
522 4662 712 4714 eodem
763 4660 985 4712 additis.
1074 4661 1356 4713 Canonem
1409 4662 1477 4712 de
1591 4659 1816 4714 ιττακός
1883 4662 2001 4728 ipse
2056 4660 2185 4711 finxi
2238 4660 2476 4712 ducente
2519 4660 2829 4724 Lobecki0,
2888 4664 2984 4728 qui

405 4730 605 4780 similia
652 4726 913 4781 Ἱππακός
967 4728 1252 4782 Βυττακός
1306 4730 1471 4782 affert
1511 4729 1681 4783 Proll.
1720 4732 1837 4781 308.
1920 4730 2212 4780 Caeterum
2258 4729 2631 4780 annotandum
2679 4746 2766 4796 ap.
2801 4731 2881 4781 St.
2918 4733 2979 4782 B.

410 4795 664 4861 Ἀρτακοί
699 4799 963 4862 scriptum
1000 4814 1140 4849 esse.
1345 4798 1379 4851 1.
1419 4801 1484 4848 24
1520 4797 1787 4850 Lobeckii
1819 4799 2029 4848 monitu
2065 4798 2101 4849 l.
2139 4815 2186 4848 c.
2224 4796 2416 4847 addidi
2452 4812 2716 4849 canonem
2754 4798 2822 4848 dc
2858 4814 2980 4863 pro·

405 4865 542 4930 priis
574 4867 632 4917 in
667 4878 837 4916 ιακος.
905 4867 1011 4917 Pro
1050 4864 1355 4918 Καλλιακός
1391 4868 1528 4918 Lob.
1564 4866 1729 4918 scribi
1763 4866 1883 4917 vult
1921 4863 2226 4918 Καυλιακός
2262 4866 2464 4917 montis
2498 4881 2720 4930 nomen,
2765 4864 2980 4920 Πιακός

404 4949 491 4998 ap.
528 4934 607 4986 St.
643 4933 708 4988 Β.
742 4940 1210 5001 proparoxytonoe
1243 4935 1550 4987 exhibetur.
