3664 5546
677 361 800 427 154
887 346 894 363 ¹
1607 359 1688 415 εκ
1729 359 1868 413 mn
1911 358 2319 414 ΗΡΩΔιΑΝοΥ

671 535 864 614 μένης
908 533 1011 597 καὶ
1054 532 1169 597 ὑπ’
1213 533 1414 599 αὐτοῦ
1471 536 1792 598 κτιςθεῑςα.
1883 531 2067 597 Θέων
2124 532 2195 598 δέ
2252 552 2442 612 φηςιν
2507 531 2608 596 ὅτι
2657 530 2851 597 Ἀλος
2905 530 3257 610 θεράπαινα

673 636 753 715 ἦν
787 635 1174 715 Ἀθάμαντος
1218 638 1258 715 ἡ
1304 635 1622 716 μηνύςαςα
1665 637 1782 714 τὴν
1828 634 1965 700 Ἰνὼ
1997 634 2267 715 φρύγειν
2312 634 2392 699 τὰ
2424 633 2773 718 ςπέρματα,
2819 633 2893 712 ἧς
2938 633 3029 699 εἰς
3072 635 3254 713 τιμὴν

671 741 786 816 τὴν
832 738 1024 803 πόλιν
1070 737 1415 817 ῶνόμαςεν.
1504 738 1624 803 δύο
1669 739 1741 803 δὲ
1783 737 2221 816 Παρμενίςκος
2264 735 2532 819 ἱςτορεῑ,
2586 737 2703 803 τὸν
2760 738 2874 817 μὲν
2923 736 3256 802 Μαλιακὸν

674 841 802 905 ὑπὸ
846 840 1121 919 Ἀχιλλεῖ
1132 889 1150 923 ,
1215 842 1332 907 τὸν
1388 842 1460 905 δὲ
1514 841 1643 906 ὑπὸ
1696 839 2144 923 Πρωτεςιλάῳ.
2235 838 2729 918 Ἀπολλόδωρος
2785 840 2857 903 δὲ
2913 837 3257 918 ἀρςενικῶς

611 954 644 1001 5
678 943 962 1019 λέγεςθαι
1005 943 1119 1020 τὴν
1166 943 1355 1008 πόλιν
1402 943 1608 1024 φηςίν.
1685 942 1982 1025 πάλος,
2029 941 2296 1024 ςάλος,
2343 940 2615 1023 λάλος“,
2660 940 2949 1023 φάλος,
2994 941 3256 1024 μύλος,

673 1045 938 1127 τύλος,
982 1044 1249 1110 Πύλος
1293 1046 1481 1111 πόλις
1527 1045 1597 1110 ἐν
1645 1045 1955 1129 Μεςςήνῃ.
2044 1044 2301 1109 Ξύλος
2354 1044 2542 1108 πόλις
2601 1043 2845 1122 Καρίας.
2935 1043 3257 1109 Ἑκαταῖος

677 1147 857 1230 Ἀςίᾳ.
925 1147 1192 1230 φίλος,
1238 1149 1534 1230 κτίλος,
1578 1148 1618 1213 ὃ
1661 1147 1808 1212 κατ’
1851 1145 2184 1227 ἀφαίρεςιν
2232 1146 2300 1210 ἐκ
2344 1149 2461 1210 τοῦ
2504 1144 2739 1211 ἱκτίλος
2782 1146 3071 1224 γέγονεν.
3119 1146 3256 1210 πό-

678 1251 846 1332 λος,
893 1249 1198 1332 ςτόλος,
1244 1250 1532 1333 ψόλος,
1579 1250 1799 1332 ὅλος,
1843 1249 2102 1315 Φόλος
2147 1248 2186 1313 ὁ
2234 1249 2623 1331 Κένταυρος,
2668 1248 2936 1332 χόλος,
2984 1249 3256 1331 δόλος,

676 1352 941 1433 κόλος,
998 1351 1264 1434 βόλος,
1321 1352 1566 1431 μόλος
1619 1354 1722 1416 καὶ
1777 1351 2046 1416 Μόλος
2093 1351 2427 1431 «Μηριόνη
2486 1353 2715 1418 Μόλου
2771 1352 2906 1416 υἱέ»
2973 1352 3057 1434 (Ν
3103 1350 3258 1433 249)

579 1471 643 1523 10
678 1453 909 1518 ςόλος
954 1455 1056 1517 καὶ
1100 1454 1330 1518 (όλοι
1378 1454 1645 1520 Κιλικίας
1689 1454 1892 1519 πόλις.
1960 1453 2285 1519 Ἑκαταῖος
2329 1453 2619 1539 Εὐρώπῃ.
2675 1454 2963 1533 κέκληται
3010 1455 3082 1519 δὲ
3126 1452 3256 1519 ἀπὸ

678 1554 974 1621 (ὀλωνος
1008 1557 1099 1621 ὡς
1129 1556 1484 1637 Εὐφορίων.
1531 1557 1788 1622 θόλος.
1838 1556 2184 1635 «μεςςηγύς
2213 1577 2282 1621 τε
2314 1558 2514 1622 θόλου
2546 1557 2648 1621 καὶ
2678 1554 3005 1636 ἀμύμονος
3036 1557 3257 1636 ἕρκεος

677 1657 918 1735 αὐλῆς»
964 1655 1118 1739 (Od.
1151 1678 1190 1738 χ
1218 1657 1389 1741 442).
1434 1661 1510 1724 τὸ
1557 1660 1772 1739 μέντοι
1818 1660 2052 1725 θολός
2096 1660 2171 1725 τὸ
2216 1660 2412 1738 μέλαν
2457 1662 2569 1738 τῆς
2600 1658 2822 1738 ςηπίας
2865 1658 3255 1737 ὀξυνόμενον

678 1761 842 1839 πρὸς
888 1759 1369 1839 ἀντιδιαςτολήν
1415 1760 1558 1826 ἐςτι.
1644 1763 1721 1826 τὸ
1766 1763 1838 1827 δὲ
1883 1761 2042 1827 αὐτὸ
2089 1762 2337 1839 λέγεται
2382 1761 2583 1826 ὀλός.
2639 1762 2741 1825 καὶ
2784 1762 2859 1827 τὸ
2906 1760 3062 1826 ὀλός
3106 1762 3177 1825 δὲ
3218 1761 3255 1824 ὁ

679 1861 973 1940 ὀλέθριος
1018 1862 1324 1930 ὀξύνεται.
1397 1864 1472 1929 τὸ
1528 1864 1651 1943 γὰρ
1697 1864 2109 1944 Ἀλκμανικὸν
2157 1864 2329 1943 «ἔχει
2387 1864 2456 1943 μ’
2500 1864 2659 1943 ἄχος
2715 1864 2768 1928 ὦ
2824 1861 2936 1928 ὀλὲ
2983 1866 3254 1942 δαῖμον»

577 1980 641 2032 15
678 1964 792 2029 ἐὰν
837 1966 952 2045 μὲν
998 1965 1154 2032 ὀλός
1198 1968 1236 2046 ἡ
1283 1966 1528 2048 εὐθεῖα,
1573 1966 1692 2032 οὐκ
1735 1965 1861 2031 ἔςτι
1908 1967 2208 2046 ςυγκοπῆ.
2266 1966 2380 2032 ἐὰν
2427 1969 2498 2033 δὲ
2543 1966 2611 2031 ἐκ
2639 1970 2757 2031 τοῦ
2787 1965 2985 2030 ὀλοός
3029 1966 3068 2044 ἡ
3113 1968 3256 2044 κλη-

674 2068 809 2144 τικὴ
855 2068 1041 2150 ὀλοέ,
1087 2070 1370 2147 ςυγκοπή
1417 2068 1597 2134 ἐςτιν.

844 2169 939 2234 Τὰ
994 2170 1083 2236 εἰς
1127 2156 1248 2236 Π
1289 2175 1611 2252 μονογενῆ
1669 2170 2012 2252 διςύλλαβα
2052 2171 2147 2250 ’μὴ
2203 2171 2335 2237 ἀπὸ
2390 2175 2507 2236 τοῦ
2561 2177 2600 2251 χ
2655 2169 2981 2251 ἀρχόμενα
3023 2170 3257 2249 ἔχοντα

677 2272 982 2350 δίχρονον
1028 2272 1478 2357 ἐκτεταμένον,
1522 2274 1578 2339 εἰ
1622 2275 1704 2353 μή
1748 2295 1843 2339 τις
1887 2273 1984 2352 εἴη
2029 2274 2359 2357 διαςτολή,
2407 2273 2775 2356 βαρύνεται,
2822 2274 3089 2339 Μᾶλος
3118 2273 3254 2352 Ἀμ-

676 2376 1027 2454 φικτύονος
1056 2375 1195 2442 υἱὸς
1238 2378 1278 2456 ἢ
1321 2376 1597 2456 Ἀμύρου
1627 2380 1745 2441 τοῦ
1778 2378 2087 2459 Βοιωτοῦ,
2132 2380 2366 2441 κᾶλος
2414 2375 2523 2441 «ἐν
2557 2377 2623 2441 δ’
2653 2376 2892 2455 ὑπέρας
2920 2395 2990 2441 τε
3020 2375 3256 2441 κάλους

573 2492 643 2545 20
677 2498 783 2542 te»
833 2474 991 2561 (Od.
1036 2497 1069 2543 ε
1111 2477 1281 2560 260).
1349 2477 1547 2544 Ἶλος
1592 2483 1667 2544 τὸ
1712 2478 1967 2561 κύριον,
2024 2477 2188 2543 ἰλός
2233 2481 2303 2544 δὲ
2348 2479 2386 2545 ὁ
2432 2478 2947 2561 διεςτραμμένος,
2993 2481 3256 2560 πῖλος,

677 2582 936 2662 μῑλος,
995 2583 1304 2662 ςπῑλος,
1362 2582 1642 2660 Βρῖλος
1685 2573 1908 2660 ’ὄνομα
1961 2580 2215 2664 κύριον,
2270 2584 2491 2647 τῖλος
2545 2582 2622 2647 τὸ
2677 2581 3021 2662 φορτικόν,
3087 2583 3255 2645 ςτῦ-

677 2685 843 2765 λος,
889 2686 1217 2766 γρῦλος,
1274 2687 1576 2762 θρῦλος.
1664 2683 1741 2749 τὸ
1786 2684 1859 2748 δὲ
1903 2682 2141 2762 χυλός
2186 2685 2288 2748 καὶ
2341 2684 2563 2764 χιλός
2616 2683 2656 2762 ἡ
2710 2684 2922 2764 τροφὴ
2968 2682 3257 2751 ὀξύνεται

675 2784 807 2850 ἀπὸ
852 2789 969 2850 τοῦ
1013 2804 1053 2863 χ
1097 2785 1436 2868 ἀρχόμενα.
1523 2788 1602 2853 τὸ
1644 2787 1716 2852 δὲ
1761 2787 1999 2867 ψιλός
2042 2788 2326 2866 τριγενές
2381 2787 2470 2852 ῶς
2523 2786 2627 2852 καὶ
2675 2788 2752 2853 τὸ
2797 2787 3041 2852 καλός
3084 2786 3258 2865 παρὰ

602 2903 606 2908 ·
675 2894 768 2972 τῷ
812 2895 1044 2973 ποιητῇ
1091 2888 1285 2966 ὑγιῶς
1343 2889 1779 2970 ἐκτεταμένον.
1867 2890 1944 2956 τὸ
1990 2891 2062 2954 δὲ
2108 2889 2372 2972 βαλός,
2428 2889 2635 2956 οὕτως
2678 2889 2718 2956 ὁ
2764 2889 3001 2969 βαθμός
3043 2891 3146 2954 καὶ
3187 2888 3255 2954 ἐν

572 3001 640 3055 25
673 2996 750 3073 τῇ
794 2991 1118 3077 τραγῳδίᾳ
1163 2994 1266 3058 καὶ
1310 2991 1380 3058 ἐν
1424 2998 1501 3077 τῇ
1545 2991 1880 3077 κωμῳδίᾳ,
1935 2992 2249 3074 Δωρικῶς
2305 2992 2661 3071 τέτραπται.
2749 2993 2852 3057 καὶ
2901 2993 2978 3058 τὸ
3023 2992 3255 3058 δαλός

676 3264 876 3330 μύλος,
914 3265 1085 3319 τύλος
1124 3283 1191 3317 ex
1228 3266 1503 3332 Theogn„
1547 3264 1742 3319 Πύλος
1776 3283 1847 3318 ex
1885 3268 1963 3320 St.
2001 3267 2095 3332 Β.,
2142 3262 2325 3318 Ξύλος
2369 3282 2435 3317 ex
2472 3265 2622 3329 eod.,
2668 3263 2834 3330 φίλος
2877 3281 2943 3316 ex
2987 3265 3255 3332 Theogn„

676 3332 864 3386 κτίλος
905 3351 970 3385 ex
1007 3337 1255 3400 Theogn.
1304 3339 1361 3385 et
1394 3335 1599 3385 Herod.
1645 3334 1773 3399 περὶ
1810 3337 2014 3386 παθῶν
2061 3338 2118 3384 in
2155 3335 2218 3385 Ε.
2257 3334 2395 3386 Gud.
2432 3337 2549 3397 350,
2585 3336 2679 3397 36,
2726 3332 2904 3385 πόλος
2951 3332 3153 3385 ςτόλος
3191 3349 3255 3383 ex

675 3402 740 3452 11.
777 3404 867 3454 Pr.
906 3402 943 3455 Κ
985 3405 1108 3466 134,
1145 3402 1325 3467 ψόλος
1360 3431 1426 3438 —-
1462 3402 1628 3455 δόλος
1667 3420 1734 3454 ex
1768 3404 1876 3470 Ep.
1915 3405 2003 3455 Cr.
2039 3406 2066 3455 1
2101 3405 2228 3465 442,
2267 3418 2332 3452 ex
2371 3403 2569 3467 quibus
2615 3400 2801 3455 Φόλος
2850 3418 2918 3452 ex
2955 3403 3035 3454 St.
3070 3403 3134 3452 B.
3168 3417 3256 3452 ex-

677 3470 848 3535 plevi,
888 3470 1056 3522 κόλος
1094 3472 1326 3536 apposui
1363 3488 1429 3522 ex
1465 3473 1529 3523 11.
1568 3472 1657 3522 Pr.
1691 3470 1749 3524 Π
1787 3475 1914 3536 117,
1950 3474 2046 3523 ubi
2084 3470 2283 3522 κόλον;
2333 3470 2520 3521 οὕτως
2565 3469 2643 3521 ὡς
2691 3469 2865 3532 λόγον
2912 3469 2944 3521 ό
2984 3470 3256 3522 Ἀςκαλω-

677 3536 849 3603 νίτης.
920 3538 1077 3602 κάγὼ
1115 3538 1175 3590 δὲ
1211 3536 1706 3605 ςυγκατατίθεμαι.,
1762 3539 1928 3603 βόλος
1966 3545 2023 3591 et
2061 3539 2234 3604 μόλος
2271 3556 2337 3589 ex
2373 3539 2619 3605 Theogn.
2658 3540 2740 3598 62,
2783 3541 2843 3589 19
2882 3543 2938 3588 et
2974 3538 3079 3604 Ep.
3114 3540 3205 3588 Cr.
3230 3539 3257 3588 1

675 3609 794 3670 246,
836 3610 916 3669 12,
954 3607 1116 3659 ςόλος
1153 3608 1243 3658 καὶ
1280 3605 1445 3659 (όλοι
1484 3625 1551 3659 ex
1576 3609 1823 3675 Theogn.
1866 3616 1923 3660 et
1959 3608 2037 3659 St.
2062 3611 2125 3659 B.
2173 3606 2259 3658 Ad
2294 3605 2461 3658 θόλος
2497 3607 2735 3672 apposui
2768 3607 2942 3657 verba
2964 3607 3257 3657 Homerica

677 3691 744 3724 ex
781 3676 883 3740 Ep
923 3676 1013 3726 Cr.
1051 3678 1106 3726 11
1142 3678 1258 3730 461.
1304 3678 1378 3729 16.
1448 3675 1519 3727 τὸ
1557 3675 1747 3740 μέντοι
1783 3675 1954 3729 θολός
1989 3704 2056 3712 —
2093 3676 2236 3740 πρὸς
2273 3673 2696 3740 ἀντιδιαςτολήν
2745 3673 2856 3726 ἑςτι
2895 3691 2962 3724 ex
2997 3674 3062 3724 11.
3099 3675 3188 3724 Pr.
3217 3672 3253 3724 Κ

678 3748 736 3792 et
773 3744 876 3809 Ep.
917 3744 1004 3793 Cr.
1044 3745 1115 3794 11.
1185 3741 1255 3794 τὸ
1301 3743 1362 3795 δὲ
1408 3743 1550 3795 αὐτὸ
1557 3692 1820 3808 μλέγεται
1867 3743 2002 3796 ὁλός
2048 3761 2116 3795 ex
2152 3745 2254 3811 Ep.
2292 3743 2382 3794 Cr.
2420 3746 2464 3795 Ι.
2536 3744 2724 3794 Verba
2768 3740 2836 3793 τό
2880 3741 2987 3807 γὰρ
3026 3741 3253 3806 ’·Αλκμα

677 3809 835 3862 νικὸν
870 3825 1046 3877 usque
1082 3812 1156 3861 ad
1193 3812 1354 3863 finem
1390 3830 1458 3864 ex
1492 3813 1594 3879 Ep.
1629 3815 1686 3865 11
1734 3818 1793 3864 et
1825 3814 2031 3865 Herod
2080 3812 2207 3877 περὶ
2255 3813 2459 3863 παθῶν
2505 3813 2563 3862 in
2600 3812 2662 3862 Ε.
2701 3811 2776 3864 Μ.
2814 3811 2931 3871 622,
2967 3813 3051 3862 47.
3122 3811 3252 3861 Cae-

676 3885 854 3931 terum
890 3896 1065 3931 eanon
1101 3881 1160 3930 in
1195 3880 1258 3930 ll.
1295 3883 1386 3934 Pr.
1424 3881 1614 3947 paullo
1650 3881 1813 3933 aliter
1859 3887 2159 3946 conceptus
2198 3885 2312 3944 est,
2362 3896 2532 3946 quare
2577 3880 2667 3930 hie
2704 3878 3014 3930 subscribo:
3060 3878 3132 3929 τὰ
3178 3876 3251 3930 είς

676 3966 773 4016 λος
810 3963 1060 4030 λήγοντα
1096 3962 1394 4028 διςύλλαβα
1431 3965 1504 4029 μὴ
1551 3965 1754 4028 ἔχοντα
1801 3964 1914 4032 πρὸ
1958 3968 2061 4016 τοῦ
2101 3966 2131 4017 λ
2169 3964 2309 4016 ἄλλο
2345 3964 2680 4028 ςύμφωνον,
2718 3963 3161 4029 παραληγόμενα
3195 3962 3252 4014 δέ

674 4036 759 4098 τῷ
804 4036 838 4082 ὃ
883 4033 1011 4097 ἦτοι
1056 4032 1216 4099 μόνῳ
1261 4032 1297 4097 ἢ
1346 4032 1478 4097 μεθ’
1524 4031 1720 4098 ἑτέρου
1767 4033 2105 4099 φωνήεντος
2162 4031 2485 4098 βαρύνεται,
2542 4031 2747 4097 πόλος,
2794 4030 3021 4096 ςτόλος,
3069 4032 3250 4095 θόλος,

676 4118 889 4181 κοῖλος,
928 4118 1145 4170 δοῦλος.
1195 4116 1381 4170 οὕτως
1418 4116 1522 4171 οὖν
1558 4118 1740 4171 οὖλος.
1789 4118 2110 4184 προςέθηκα
2144 4117 2205 4169 δὲ
2235 4119 2309 4183 μὴ
2347 4117 2552 4182 ἔχοντα
2588 4116 2700 4182 πρὸ
2735 4120 2839 4170 τοί)
2877 4118 2909 4168 λ
2945 4116 3085 4168 ἄλλο
3131 4115 3253 4179 ςύμ-

675 4200 878 4249 φωνον
915 4185 1003 4238 διὰ
1039 4185 1107 4238 τὸ
1145 4185 1379 4250 μοχλός,
1419 4187 1647 4239 πολλός.
1718 4186 1788 4239 τὸ
1827 4186 2020 4251 μέντοι
2058 4186 2226 4238 θολός
2263 4185 2608 4249 ὁξυνόμενον
2654 4185 2797 4250 πρὸς
2835 4184 3253 4250 ἀντιδιαςτολήν

677 4253 838 4305 ἐςτιν.
1049 4255 1083 4305 l.
1121 4257 1181 4306 17
1229 4271 1326 4321 pro
1372 4253 1516 4321 ὑπὲρ
1552 4255 1654 4307 δύο
1690 4254 1963 4319 ςυλλαβὰς
2010 4255 2206 4321 scripsi
2250 4259 2553 4321 praeeunte
2602 4254 2903 4306 Schmidtio
2948 4254 3252 4317 διςύλλαβα.

677 4321 873 4374 Μᾶλος
910 4322 1098 4373 addidi
1135 4339 1204 4374 ex
1239 4325 1321 4375 St.
1359 4324 1451 4388 Β.,
1491 4325 1661 4376 κᾶλος
1699 4341 1766 4375 ex
1802 4326 1905 4390 Ep.
1935 4323 2026 4377 Cr.
2051 4324 2079 4373 1
2112 4325 2231 4386 286,
2271 4325 2349 4374 10.
2396 4325 2506 4375 Pro
2544 4321 2716 4387 μύλος
2753 4322 2911 4388 posui
2948 4322 3176 4385 μῑλοῡί.
3203 4337 3251 4386 q.

675 4391 863 4452 ςμῑλος
899 4391 1116 4455 ςμῑλαξ,
1154 4408 1281 4443 nam
1316 4392 1512 4458 Theog
1513 4409 1565 4443 n
1604 4391 1783 4444 Μῑλος
1821 4391 2001 4457 ὄνομα
2037 4389 2208 4455 νήςου
2232 4392 2519 4443 iotacismo
2545 4392 2809 4458 originem
2836 4390 3031 4453 debet,
3067 4392 3252 4442 ςπῖλος

679 4465 734 4510 et
767 4460 922 4510 τῑλος
960 4476 1025 4510 ex
1061 4429 1207 4511 M’on.
1251 4463 1440 4518 14,10
1476 4462 1736 4526 apposui,
1785 4459 1982 4525 Βρῖλος
2028 4476 2097 4511 ox
2132 4460 2408 4525 Theogn„
2455 4476 2523 4510 ex
2559 4460 2749 4511 eodem
2786 4459 3005 4523 θρῠλος.
3076 4458 3249 4520 ςύλος,

677 4527 822 4592 quod
857 4526 1001 4578 idem
1037 4528 1230 4592 habet,
1269 4529 1507 4580 fortasse
1545 4545 1613 4579 ex
1648 4526 1842 4580 Πύλος
1890 4533 2203 4595 corruptum
2247 4533 2349 4579 est.
2385 4556 2451 4565 —
2488 4526 2688 4592 καλός,
2726 4526 2922 4591 βαλός,
2961 4526 3131 4579 δαλός
3166 4525 3251 4576 ad·

677 4611 794 4661 didi
829 4628 896 4663 ex
930 4613 1115 4667 Dichr.
1153 4615 1277 4671 295,
1317 4614 1407 4663 19:
1452 4612 1524 4664 τὰ
1569 4611 1647 4664 είς
1684 4613 1782 4664 λος
1819 4612 2067 4679 λήγοντα
2104 4612 2401 4676 διςύλλαβα
2445 4611 2714 4675 ὸξύτονα,
2762 4611 2940 4663 ὁπότε
2988 4611 3102 4677 ἔχει
3145 4608 3251 4677 πρὸ

675 4678 876 4731 τέλους
929 4678 1214 4745 δίχρονον,
1267 4682 1443 4731 τοῦτο
1480 4681 1591 4743 ἔχει
1627 4681 1663 4745 ἢ
1702 4679 2079 4744 ἐκτεταμένον
2123 4680 2203 4733 δι’
2239 4681 2444 4733 ἑαυτοῦ
2481 4679 2516 4744 ἢ
2554 4679 2643 4733 διὰ
2686 4678 2993 4744 ςυμφώνου
3031 4681 3250 4745 μεγεθυ-

676 4745 934 4810 νόμενον.
982 4748 1070 4800 καὶ
1095 4749 1167 4800 τὰ
1192 4748 1295 4811 μὲν
1319 4747 1407 4799 διὰ
1429 4748 1756 4814 ςυμφώνων
1782 4750 2201 4815 μεγεθυνόμενα
2224 4748 2298 4802 τὰ
2328 4747 2564 4801 τοιαῦτά
2588 4747 2729 4814 ἑςτι,
2767 4748 2999 4812 κυλλός,
3028 4747 3250 4814 μαλλός,

677 4814 913 4878 θαλλός,
966 4816 1038 4867 τὰ
1090 4816 1149 4869 δὲ
1203 4816 1282 4868 δι
1318 4815 1541 4868 ἑαυτῶν
1592 4817 1664 4869 τὰ
1706 4820 1971 4880 τοιαῦτα,
2016 4818 2210 4883 ψ,ιλός
2255 4816 2453 4882 χυλός,
2500 4816 2696 4880 δαλός,
2716 4787 2943 4880 βαλός,
2989 4817 3176 4869 οὔτως
3219 4785 3250 4866 ό

679 4881 887 4946 βαθμός
923 4883 1012 4934 καί
1048 4882 1111 4935 ἑν
1145 4888 1216 4951 τῇ
1252 4883 1538 4953 τραγῳδίᾳ
1574 4887 1664 4937 καὶ
1701 4884 1763 4938 ἐν
1805 4890 1877 4953 τῇ
1916 4884 2198 4953 κωμῳδίᾳ.
2270 4884 2440 4951 ἐχρῆν
2476 4884 2580 4937 ουν
2616 4884 2708 4938 καὶ
2742 4884 2812 4938 τὸ
2850 4884 3021 4939 καλός
3056 4886 3092 4952 ἢ
3129 4887 3249 4952 βοη-
