3664 5546
1503 344 1927 396 PRAEFATIO.
2707 347 3000 396 CXXXXV

422 500 731 584 Θηβαῖος,
776 521 840 584 p.
891 498 1044 580 151,
1089 499 1132 563 6
1174 501 1446 580 Ἀχαιόςε
1492 504 1569 568 τὸ
1625 503 1877 568 ἑθνικὸν
1923 502 2174 582 Ἀχαιοί.
2263 503 2365 568 καὶ
2411 502 2810 583 ςεςημείωται
2857 503 3000 572 ὀξυ-

420 603 726 681 νόμενον;
785 600 868 665 de
912 602 1295 683 Ἐρυςίχαιος
1339 600 1667 690 explicata
1711 604 2036 690 expositio
2097 611 2314 668 exstat
2355 626 2415 689 p.
2460 603 2617 685 281,
2671 605 2748 667 14
2791 601 2998 670 Hero-

420 703 601 768 diani
644 705 906 768 nomine
951 704 1193 770 diserte
1238 706 1471 790 posito.

587 806 689 870 De
733 806 1187 872 femininorum
1234 807 1571 892 gentilium
1602 807 1992 873 formatione
2036 807 2199 873 satis
2246 808 2372 872 erit
2399 830 2600 871 unum
2631 808 2999 896 exemplum

418 907 738 994 proferre:
803 909 895 973 St.
941 909 1017 973 B.
1065 932 1118 973 s.
1164 911 1479 995 Ἀβαντίς,
1535 910 1648 996 qui
1703 907 2015 974 articulus
2072 909 2208 974 fere
2261 920 2434 975 totus
2493 931 2576 973 ex
2622 908 2998 977 Herodiano

419 1011 787 1097 exscriptus
833 1020 967 1091 est,
1014 1011 1246 1077 tradit:
1295 1018 1473 1078 δοκεῖ
1515 1012 1648 1079 ἀπὸ
1690 1017 1808 1078 τοῦ
1844 1013 2169 1093 Ἀβάντιος
2214 1011 2378 1078 εἶναι
2423 1014 2498 1079 τὸ
2538 1013 2864 1093 Ἀβαντιάς
2911 1015 2999 1079 ὡς

418 1112 550 1180 ἀπὸ
594 1118 710 1179 τοῦ
754 1114 1113 1180 Ἑλικώνιος
1156 1115 1546 1199 Ἑλικωνιάς,
1602 1115 1949 1196 Ὀλύμπιος
2004 1115 2381 1200 Ὀλυμπιάς,
2437 1116 2682 1195 Δήλιος
2735 1116 2997 1194 Δηλιάς.

417 1216 493 1281 τὸ
540 1218 610 1281 δὲ
657 1217 937 1297 Ἀβαντίς
995 1216 1127 1282 ἀπὸ
1174 1220 1286 1296 τῆς
1327 1218 1638 1297 Ἄβαντος
1680 1220 1932 1296 γενικῆς
1990 1217 2082 1283 ὡς
2124 1216 2443 1283 Ἐλικωνίς
2486 1220 2599 1296 τῆς
2644 1217 2997 1298 Ἑλικῶνος,

419 1318 719 1384 Βίςτονος
777 1319 1092 1402 Βιςτονίς,
1147 1319 1431 1385 Αὔςονος
1483 1319 1762 1385 Αὐςονίς.
1860 1318 2012 1384 ἴςως
2065 1321 2137 1384 δὲ
2193 1320 2295 1384 καὶ
2350 1320 2426 1384 τὸ
2481 1318 2805 1400 Ἀβαντιάς
2865 1318 2996 1384 ἀπὸ

416 1424 533 1484 τοῦ
601 1422 879 1501 Ἀβαντίς
944 1423 1235 1502 παρήχθη
1302 1422 1393 1488 ὼς
1458 1422 1590 1489 ἀπὸ
1655 1425 1773 1487 τοῦ
1830 1422 2074 1503 Λέςβου
2132 1421 2347 1501 Λεςβίς
2405 1420 2696 1504 Λεςβιάς,
2768 1422 2998 1502 Ἀχαιίς

417 1522 693 1602 Ἀχαιιάς
743 1523 1149 1602 «Ἀχαιιάδων
1196 1524 1597 1590 εὐπέπλων».
1685 1527 1991 1604 μαρτυρεῖ
2044 1526 2115 1588 δὲ
2158 1528 2249 1607 τῷ
2295 1523 2594 1607 προτέρῳ
2642 1523 2818 1608 λόγῳ
2864 1523 2994 1588 ἀπὸ

415 1646 531 1689 του
579 1625 902 1705 Ἀβὰντιος
947 1627 1270 1707 Ἀβαντιάς
1314 1628 1389 1692 τὸ
1437 1626 1728 1707 Ἀβαντία
1771 1626 2065 1706 θηλυκόν.
2155 1625 2343 1690 Duae
2396 1623 2502 1689 hic
2546 1635 2995 1710 proponuntur

414 1724 875 1791 femininorum
823 1725 1259 1837 —genfilium
1302 1737 1369 1792 et
1395 1726 1995 1814 patronymicorum
2030 1726 2497 1812 originationes
2514 1775 2531 1808 ,
2580 1725 2819 1808 altera,
2866 1748 2997 1813 qua

415 1827 666 1913 species
711 1828 779 1890 in
823 1850 922 1893 ιας
966 1851 1006 1892 a
1048 1815 1449 1894 nominativo
1495 1829 1563 1893 in
1605 1833 1709 1893 ιο-’ς
1749 1839 2001 1894 mutato
2047 1829 2229 1894 exitu
2270 1849 2344 1893 ος
2387 1829 2455 1891 in
2493 1849 2569 1893 ας
2615 1826 2997 1894 derivantur

415 1931 739 2010 Ἀβάντιος
770 1931 1095 2011 Αβαντιάς
1140 1940 1206 1995 et
1250 1953 1334 1995 ex
1378 1929 1500 1994 hac
1543 1932 1610 1995 in
1653 1937 1753 1996 iot-C
1798 1930 2015 1998 forma
2045 1931 2338 1995 exaeresi
2368 1928 2617 1995 vocalis
2651 1935 2692 1996 ἇ
2737 1931 2989 2017 species

415 2031 480 2094 in
527 2052 582 2095 ις
626 2033 976 2119 repetitur,
1022 2032 1118 2096 sic
1160 2042 1235 2097 ut
1259 2031 1677 2098 Herodianus
1711 2032 1947 2099 docet
1929 2056 1995 2096 in
2026 2032 2196 2099 libro
2226 2034 2373 2113 περὶ
2413 2038 2639 2099 παθῶν
2685 2033 2765 2095 in·
2788 2032 2867 2096 E.
2899 2032 2991 2097 M.

412 2132 566 2213 394,
612 2133 697 2198 34
739 2135 1114 2203 Εὐξαντίδος
1156 2139 1408 2212 γενεᾶς’
1465 2135 1831 2204 Εὐξάντιος·
1888 2137 1963 2202 τὸ
2017 2136 2507 2216 πατρωνυμικὸν
2552 2134 2990 2220 Εὐξαντιάδης,

413 2236 490 2300 τὸ
526 2231 823 2322 ’θηλυκὸν
883 2238 1221 2306 Εὐξαντιάς
1274 2239 1711 2305 Εὐξαντιάδος.
1800 2236 1963 2318 ἆρον
2021 2240 2095 2305 τὸ
2140 2241 2191 2303 ’ἆ
2246 2239 2349 2303 καὶ
2402 2237 2639 2313 γίνεται
2684 2237 2990 2306 Εὐξαντίς.

414 2336 646 2401 Altera
689 2337 1035 2403 derivandi
1078 2339 1246 2406 ratio
1295 2361 1373 2403 ea
1416 2349 1545 2423 est,
1602 2350 1676 2404 ut
1733 2339 2049 2403 feminina
2101 2339 2167 2403 in
2223 2344 2277 2404 sc
2332 2338 2558 2403 statim
2602 2360 2642 2401 a
2684 2339 2991 2423 genetivo

414 2438 730 2554 primitivi
785 2439 1132 2504 masculini
1189 2440 1543 2523 ducantur,
1605 2440 1689 2506 ab
1743 2443 2055 2521 Ἄβαντος
2112 2441 2424 2525 Ἀβαντίς,
2491 2439 2685 2504 sicuti
2742 2439 2989 2505 Herod.

415 2539 482 2603 in
526 2539 740 2608 Schol.
799 2539 886 2605 ad
938 2542 1213 2629 Dionys,
1257 2542 1418 2624 850,
1464 2542 1545 2607 28
1601 2541 1863 2606 diverse
1918 2543 2002 2608 ab
2059 2541 2442 2628 Apollonio,
2502 2541 2612 2627 qui
2672 2542 2992 2606 eiusmodi

415 2640 726 2708 feminina
769 2665 809 2706 a
853 2644 1320 2731 patronymieis
1365 2642 1740 2709 masculinis
1787 2665 2076 2730 syncope
2107 2642 2407 2729 syllabae
2453 2650 2528 2722 δη
2573 2633 2764 2708 finxit
2792 2645 2989 2723 Πρια-
3068 2705 3071 2706 ⁷

415 2746 592 2826 μίδης
646 2746 948 2830 Πριαμίς,
1004 2746 1392 2826 Τανταλίδης
1444 2747 1781 2831 Τανταλίς,
1850 2745 1991 2810 fieri
2047 2742 2191 2811 vult
2241 2745 2510 2825 Πριαμίς
2578 2766 2618 2809 a
2671 2745 2989 2830 Πριάμου,

416 2849 643 2928 Θηςηῖς
685 2868 726 2911 a
770 2848 1046 2928 Οηςεύςμ
1108 2848 1379 2929 Praeter
1421 2871 1589 2931 rem,
1647 2870 1844 2935 quam
1888 2844 2247 2912 Herodiani
2302 2869 2443 2912 esse
2498 2846 2763 2912 disertis
2808 2848 2989 2913 testi-

415 2948 648 3014 moniis
693 2947 799 3013 hio
841 2949 1104 3036 probari
1152 2959 1395 3036 potest,
1454 2950 1652 3016 etiam
1707 2948 2092 3035 disputandi
2133 2949 2335 3032 ratio,
2391 2971 2521 3034 qua
2577 2947 2834 3013 duabus
2881 2971 2989 3013 ex-

410 3050 878 3138 plicationibus
915 3050 1187 3138 prolatis
1233 3050 1423 3118 alteri
1466 3051 1906 3140 principatum
1952 3050 2306 3116 concedere
2350 3049 2517 3115 solet
2552 3048 2989 3131 Herodianus,

413 3152 733 3238 originem
776 3153 841 3217 in
887 3153 1064 3218 clara
1105 3153 1249 3219 luce
1293 3154 1500 3240 ponit.

578 3254 822 3320 Multas
869 3254 951 3320 de
995 3254 1348 3340 gentilibus
1389 3255 1754 3320 notationes
1800 3262 1866 3319 et
1909 3253 2209 3319 doctrina
2251 3261 2315 3319 et
2344 3254 2787 3342 antiquiorum
2831 3255 2989 3321 scri-

410 3366 667 3443 ptorum
696 3355 783 3421 ad
825 3379 1014 3421 usum
1043 3357 1436 3422 firmandum
1469 3356 1811 3444 proposita
1844 3354 2145 3443 exempla
2176 3354 2537 3421 Herodiani
2569 3378 2711 3422 esse
2743 3358 2986 3442 signifi-

411 3469 585 3524 cant.
670 3458 1051 3524 Doctrinam
1113 3481 1313 3547 quum
1372 3461 1503 3523 iam
1560 3456 1781 3523 multis
1842 3456 2157 3543 exemplis
2221 3457 2719 3542 illustraverim,
2785 3483 2982 3524 unum

412 3570 665 3624 tantum
709 3559 922 3627 locum
965 3581 1428 3645 commemor03
1477 3582 1540 3646 p.
1586 3560 1742 3642 201,
1791 3559 1826 3623 7
1875 3558 2152 3625 ridicula
2202 3583 2409 3647 paene
2454 3562 2660 3647 primo
2717 3572 2983 3648 aspectu

410 3660 621 3727 videri
649 3671 863 3749 potest
893 3661 1239 3750 explicatio
1270 3660 1534 3746 gentilis
1567 3664 1838 3728 Γελῶος;
1885 3664 1960 3727 τὸ
1992 3663 2242 3728 ἑθνικόν
2277 3664 2554 3747 Γελῶος,
2597 3664 2676 3729 οὐ
2709 3666 2747 3729 Γ
2750 3668 2985 3745 ελαῖος,
3083 3739 3086 3743 ,
3124 3745 3131 3751 .

413 3765 504 3830 ὡς
547 3767 798 3845 Ἅβρων
845 3766 944 3830 καὶ
987 3767 1026 3846 ἡ
1073 3768 1383 3845 ςυνήθεια.
1441 3766 1543 3829 καὶ
1584 3764 1736 3829 ἴςως
1780 3762 1911 3828 ἀπὸ
1957 3767 2072 3829 τοῦ
2115 3765 2323 3841 γέλως
2365 3767 2440 3830 τὸ
2475 3767 2513 3830 Γ
2516 3769 2747 3843 ελῶος;
2794 3774 2987 3829 antea

409 3874 624 3930 autem
694 3867 1060 3952 expositum
1125 3876 1227 3931 est
1280 3866 1771 3930 Aristaenetum
1834 3864 2065 3930 urbem
2131 3887 2172 3930 a
2225 3870 2421 3944 γελᾶν
2475 3866 2863 3955 repetivisse
2924 3876 2988 3930 et

410 3966 762 4031 coniectari
808 3965 959 4031 licet
987 3966 1442 4034 Herodianum
1489 3965 1656 4031 hanc
1701 3965 2165 4054 etymologiam
2197 3967 2549 4053 adoptasse
2594 3977 2657 4032 et
2698 3990 2776 4032 ea
2805 3989 2985 4031 enor-

411 4091 579 4132 mem
624 4066 882 4155 gentilis
927 4068 1256 4135 fictionem
1301 4090 1675 4134 excusasse.
1701 4106 1788 4117 —
1830 4068 2117 4154 Insignis
2163 4068 2611 4156 exemplorum
2656 4069 2845 4156 copia
2888 4078 2989 4132 est

408 4170 749 4255 gentilium
793 4173 1086 4253 Δυμαῖος
1130 4180 1197 4236 et
1239 4173 1488 4253 Δύμιος
1532 4170 1884 4259 explicatio
1897 4219 1914 4252 ,
1962 4169 2154 4235 huius
2199 4171 2269 4235 in
2313 4172 2756 4237 testimonium
2798 4192 2985 4235 voca-

410 4280 516 4336 tur
543 4271 1010 4354 Antimachus,
1055 4271 1230 4337 illius
1275 4295 1436 4338 usus
1466 4273 1739 4339 fulcitur
1782 4272 2002 4339 citatis
2034 4271 2332 4359 EphorO,
2378 4272 2741 4354 Pausania,
2787 4271 2985 4358 Apol-

408 4371 665 4456 lodoro,
711 4372 1026 4456 Philisto,
1071 4373 1527 4462 Theopomp0‚
1574 4373 2016 4461 Euphorione.

574 4474 908 4563 Prompsit
972 4474 1174 4560 igitur
1238 4474 1608 4565 Stephanus
1675 4476 2035 4541 maximum
2099 4476 2442 4562 gentilium
2501 4486 2843 4542 numerum
2902 4498 2987 4540 ex

411 4575 768 4642 Herodiani
814 4576 1112 4663 scriptis,
1176 4578 1462 4643 maxime
1517 4598 1603 4641 ex
1647 4576 1990 4643 Catholioa
2033 4589 2099 4644 et
2141 4578 2309 4645 libro
2353 4581 2500 4660 περὶ
2554 4580 2984 4663 παρωνύμων,

409 4679 717 4767 apposuit
760 4702 842 4746 ex
904 4702 980 4745 eo
1037 4688 1104 4745 et
1146 4681 1717 4765 grammaticorum
1778 4681 2215 4768 antiquiorum
2280 4690 2633 4768 praecepta
2678 4690 2743 4745 et
2810 4679 2985 4745 locos

409 4783 829 4868 scriptorum,
895 4782 964 4846 in
1029 4781 1264 4867 quibus
1330 4782 1785 4869 inveniuntur3
1854 4783 2177 4849 interdum
2244 4806 2329 4849 ex
2392 4782 2770 4869 posterioris
2838 4781 2989 4848 aevi

477 4919 854 4958 unisonum&
889 4905 935 4955 1.
2534 4885 2583 4948 k
