3664 5546
1522 78 1553 95 t

1217 284 1374 339 ΠεΡι
1417 286 1809 339 κΑοοΛικΗς
1845 285 2265 369 ΠΡοςΩιΔι-Ας
2308 286 2363 337 κ.
2949 286 3074 349 533
3135 254 3138 255 f

480 456 609 534 πρὸ
654 459 771 520 τοῦ
815 459 865 519 ἴε.
954 461 1070 520 τοῦ
1126 459 1198 520 δὲ
1253 455 1477 534 ἑτέρου
1522 458 1689 534 νίκη
1707 446 2031 537 ,’φρίκη.
2121 459 2180 539 ἡι
2216 456 2432 520 τοίνυν
2480 457 2651 531 δίκη
2699 460 3068 534 ςημειῶὸες·

485 555 685 621 λείπει
730 559 852 635 γὰρ
898 558 936 636 ἢ
982 558 1200 640 χρόνῳ
1246 544 1671 640 ἢ’ςυμφώνῳ.
2841 544 2848 549 ’

649 658 743 723 Τὰ
787 660 892 723 διὰ
934 663 1050 722 τοῦ
1082 660 1185 735 ἦνῆ
1216 660 1375 737 ὑπὲρ
1416 664 1588 738 τρεῖς
1633 661 1946 738 ςυλλαβὰς
1975 659 2231 722 ἐκτείνει
2277 660 2352 721 τὸ
2396 662 2459 739 ἶ,
2504 651 2858 739 Αἰητίνη,
2889 665 3068 737 θρι-

482 761 787 844 δακίνη,
848 762 1170 842 ἡρωῖνη,
1238 760 1579 842 ἰατρίνη,
1647 760 2065 838 Ὠκεανίνη.
2174 762 2250 824 τὸ
2317 760 2718 841 εἰλαπίνη,
2797 761 3066 823 Μολυ-

482 861 704 942 βδίνη
750 860 960 941 ὄνομα
1000 862 1257 927 πόλεως
1302 863 1719 927 ςυνέςταλται.
1808 862 1971 939 ὑπὲρ
2027 864 2197 939 τρεῖς
2255 862 2566 941 ςυλλαβάς
2620 861 2789 939 ἔφην
2837 862 2941 924 διὰ
2986 863 3060 925 τὸ
3107 872 3139 917 5

372 1002 377 1007 »
453 964 781 1044 ςατίνη,
838 963 966 1028 ἔςτι
1021 966 1093 1028 δὲ
1150 962 1327 1028 εἶδος
1380 963 1689 1047 ἅρματος,
1747 965 1850 1027 καὶ
1905 964 1980 1027 τὸ
2040 963 2317 1043 Ἀςίνη,
2374 963 2500 1027 ἔςτι
2556 965 2628 1025 δὲ
2685 961 2894 1040 ὄνομα
2948 963 3065 1025 πό-

483 1068 674 1147 λεως,
731 1067 835 1129 καὶ
887 1066 1243 1147 μυρςίνη,
1301 1064 1420 1129 οὐκ
1473 1064 1719 1129 ἐκείνου
1776 1063 2313 1144 ἀποφαινομένου
2371 1065 2461 1128 ὡς
2515 1066 2589 1128 τὸ
2647 1064 3065 1142 τριςύλλαβον

480 1167 795 1231 ςυςτέλλει
855 1168 930 1230 τὸ
974 1169 1011 1230 ῐι
1109 1167 1418 1231 πολλάκις
1481 1166 1609 1245 γάρ
1658 1167 1780 1231 ἐςτι
1836 1166 1914 1229 τὰ
1971 1165 2334 1229 ἐκτείνοντα
2389 1168 2463 1230 τὸ
2529 1169 2578 1249 ῐ,
2648 1167 2739 1230 ὡς
2804 1164 2934 1244 ἔχει
2990 1168 3064 1229 τὸ

481 1268 803 1348 δωτίνη,
847 1267 1148 1350 ὑςμίνη,
1194 1268 1489 1346 πυτίνη.

649 1368 742 1433 Τὰ
786 1368 875 1433 εἰς
918 1374 1037 1447 GVH
1070 1369 1312 1448 θηλυκὰ
1342 1369 1686 1449 διςύλλαβα
1718 1369 1976 1434 ἐκτείνει
2007 1369 2082 1433 τὸ
2129 1372 2197 1451 ῦ,
2244 1368 2473 1449 μύνη,
2520 1368 2814 1450 Φρύνη,
2862 1369 3064 1447 Βύνη
3106 1375 3169 1424 10

481 1471 649 1549 πλὴν
693 1473 809 1533 τοῦ
869 1472 1078 1549 γυνή.
1168 1470 1245 1533 τὰ
1302 1472 1373 1534 δὲ
1429 1471 1589 1549 ὑπὲρ
1647 1472 1766 1536 δύο
1823 1471 2135 1549 ςυλλαβάς
2190 1471 2504 1535 ςυςτέλλει
2559 1470 2634 1534 τὸ
2689 1474 2727 1534 ὖ
2784 1470 2906 1553 διὰδ
2945 1475 3063 1534 τοῦ

481 1575 647 1649 ςὐῑῆῐ
691 1570 881 1653 ὄντα,
928 1572 1394 1654 κερδοςύνη,
1441 1573 1893 1653 βριθοςύνη,
1949 1571 2540 1651 ὑποθημοςύνη,
2598 1572 3060 1649 καλλοςύνη.

480 1671 535 1735 εἰ
590 1673 659 1735 δὲ
716 1674 796 1751 μὴ
853 1672 991 1751 ἔχοι
1048 1674 1123 1736 τὸ
1180 1676 1214 1737 ἱ
1256 1673 1383 1752 πρὸ
1436 1674 1553 1737 ’τοῦ
1608 1678 1679 1754 ὗ,
1733 1673 2100 1753 ἀδιάφορον
2158 1674 2287 1751 ἔχει
2341 1675 2457 1737 τὸν
2515 1673 2773 1751 χρόνον.
2859 1674 3060 1736 Δελ-

479 1774 686 1852 φύνη
730 1768 853 1851 γὰρ
898 1775 1001 1839 καὶ
1053 1776 1335 1852 χελύνη
1393 1775 1873 1855 ἐκτεταμένως,’
1912 1774 2203 1853 κορύνη
2260 1775 2331 1838 δὲ
2382 1775 2483 1837 καὶ
2526 1773 2838 1853 Ταμύνη
2884 1795 3059 1839 ςυνε-

479 1875 837 1954 ςταλμένως
884 1875 974 1939 ὡς
1016 1875 1327 1953 τορύνη.
1415 1876 1755 1942 ἐκτείνουςι
1800 1878 1874 1940 δὲ
1917 1876 2184 1940 Ἀττικοὶ
2225 1877 2300 1939 τὸ
2346 1873 2602 1953 τορύνη.
3104 1883 3162 1931 15

646 2002 684 2037 κ·
732 1975 826 2040 Τὰ
880 1976 967 2040 εἰς
1030 1982 1107 2055 τῆ
1166 1978 1448 2055 λήγοντα
1502 1979 1846 2057 διςύλλαβα
1899 1980 2222 2057 μονογενῆ
2250 1976 2524 2054 ,καθαρά
2535 2025 2554 2058 ,
2621 1976 2675 2039 εἰ
2730 1976 2868 2054 ἔχοι
2911 1975 3057 2057 ιζπρὸ

477 2077 703 2141 τέλους
745 2080 821 2141 τὸ
866 2078 937 2160 ἆ,
996 2080 1492 2159 ςυνεςταλμενον
1537 2080 1697 2145 αὐτὸ
1743 2078 1873 2156 ἔχει
1888 2128 1906 2160 ,
1961 2078 2246 2158 πλάτη,
2302 2077 2527 2159 μάτη,
2579 2076 2766 2140 ἔνθεν
2811 2078 2915 2141 καὶ
2956 2098 3057 2152 γε-

477 2179 615 2256 νικὴ
660 2179 835 2257 παρὰ
880 2179 1200 2259 Εοφοκλεῖ
1245 2180 1427 2244 «οὔτι
1470 2200 1570 2244 τοι
1623 2180 1856 2258 μέτρον
1910 2179 2182 2258 μάτας»,
2240 2178 2440 2254 Βατή
2494 2182 2693 2256 δῆμος
2736 2178 3058 2242 Ἀττικοῖς.
3129 2182 3136 2192 ’

477 2274 804 2359 ἀδιάφορα
859 2281 981 2358 γὰρ
1038 2282 1116 2344 τὰ
1170 2285 1286 2345 τοῦ
1330 2280 1545 2344 τόνου.
1633 2282 1975 2358 ςημειῶδες
2028 2277 2153 2356 ἄρα
2206 2278 2282 2342 τὸ
2337 2277 2477 2355 ἄτη
2532 2275 2817 2342 ἐκτεῖνον
2872 2281 2947 2342 τό
3000 2283 3057 2341 ἃ.

478 2382 726 2457 λέγεται
771 2383 843 2446 δὲ
886 2383 989 2446 καὶ
1030 2382 1459 2461 τριςυλλάβως
1502 2380 1572 2444 ἐν
1628 2383 1894 2462 ςυςτολῇ
1940 2383 2056 2443 τοῦ
2101 2382 2172 2461 ἆ,
2237 2379 2327 2444 ὡς
2368 2381 2543 2457 παρὰ
2586 2388 2677 2463 τῷ
2727 2380 3055 2465 Κυρηναίῳ
3093 2390 3161 2437 20

480 2481 647 2545 «εἴτε
693 2503 796 2561 μιν
842 2482 1142 2560 Ἀργείων
1187 2485 1305 2561 χρὴ
1350 2482 1599 2546 καλέειν
1644 2481 1872 2559 Ἀάτην
1888 2505 1932 2545 ».

442 2594 447 2601 ·
642 2611 681 2646 κ·
726 2583 872 2648 Πάν
930 2582 1019 2648 εἰς
1074 2587 1115 2646 ἇ
1172 2586 1372 2660 λῆγον
1432 2583 1779 2661 οὐδέτερον
1835 2583 2048 2647 ἑνικὸν
2115 2582 2615 2661 ςυνεςταλμένον
2673 2583 2805 2661 ἔχει
2860 2584 2936 2647 τὸ
2994 2587 3054 2664 ἇ,

476 2689 700 2767 βῆμα,
767 2683 983 2766 αἷμα,
1048 2667 1372 2768 ποίημα,
1440 2685 1712 2763 νόημα.
1810 2685 1886 2747 τὸ
1955 2684 2172 2748 τοίνυν
2227 2685 2420 2761 κάρα
2481 2684 2923 2763 ἐκτεινόμενον
2990 2686 3054 2751 ἐξ

477 2786 813 2863 ἀποκοπῆς
858 2788 981 2851 ἐςτι
1025 2792 1141 2852 τοῦ
1186 2789 1485 2865 κάρανον.

642 2916 678 2950 ÷÷
728 2888 820 2952 Τὰ
864 2889 952 2953 εἰς
994 2891 1080 2968 HR
1118 2890 1467 2969 .διςύλλαβα
1508 2895 1601 2973 τῷ
1644 2891 1683 2952 ὖ
1713 2889 2211 2967 παραληγόμενα
2256 2889 2608 2953 ςυςτέλλειν
2654 2888 2813 2952 αὐτὸ
2860 2889 3050 2970 θέλει,
3090 2898 3155 2948 25

472 2989 770 3072 πλύμα,
835 2991 1063 3073 χύμα,
1129 2991 1354 3073 ῥύμα,
1423 2990 1665 3072 φύμα,
1732 2990 1961 3071 Θύμα,
2029 2991 2237 3069 λύμα.
2327 2991 2428 3055 διὸ
2495 2991 2912 3069 ςημειούμεθα
2976 2992 3052 3054 τὸ

475 3094 668 3167 κῦμα
713 3090 926 3169 μόνως
971 3091 1428 3171 ἐκτεινόμενον.
1517 3091 1829 3169 ἱςτοροῦςι
1876 3093 2091 3170 με’ντοι
2136 3092 2456 3156 Ἀττικοὺς
2498 3093 2574 3155 τὸ
2623 3094 2820 3169 λῦμα
2864 3091 3052 3155 ἐκτεί-

475 3211 609 3254 νειν
655 3193 757 3255 καὶ
800 3193 874 3255 τὸ
921 3196 1149 3271 φῦμα.

641 3318 677 3352 ιι»
724 3291 1004 3356 Πᾶνείς
1048 3297 1131 3356 ἂν
1190 3296 1389 3370 λῆγον
1449 3295 1795 3373 οὐδέτερον
1849 3297 1966 3359 τὸν
2011 3296 2251 3372 χρόνον
2297 3296 2425 3374 ἔχει
2471 3299 2587 3358 τοῦ
2644 3299 2684 3357 ἇ
2734 3298 2851 3358 τοῦ
2896 3295 3054 3358 κατὰ

473 3394 588 3470 τὴν
633 3394 887 3470 γενικὴν
931 3398 1049 3458 τοῦ
1094 3393 1456 3476 ἀρςενικοῡ,
1501 3397 1778 3460 τάλανος
1823 3397 2101 3477 τάλαν,
2149 3397 2422 3472 μέλανος
2465 3397 2738 3477 μέλαν,
2788 3395 3051 3460 ςτάντος
3088 3404 3155 3454 30

474 3494 688 3574 ςτάν,
735 3494 965 3572 βάντος
1010 3495 1166 3574 βάν.
1241 3501 1582 3573 ποιητικῶς
1625 3498 1746 3575 γὰρ
1793 3497 2087 3590 ἐκτέτατο
2138 3496 2282 3560 «ἵνα
2326 3499 2406 3575 μὴ
2452 3499 2525 3561 τὸ
2570 3501 2769 3575 γῆρας
2813 3497 3049 3561 ἐπανα-

475 3595 591 3672 βὰν
648 3593 847 3657 αὐτὸν
906 3595 1126 3679 λάθῃ».
1226 3597 1364 3661 ἐπεὶ
1417 3597 1536 3661 οὖν
1592 3597 1832 3662 παντός
1887 3618 2099 3677 φαμεν
2158 3598 2316 3661 κατὰ
2373 3601 2679 3676 ςυςτολὴν
2735 3600 2839 3661 καὶ
2897 3600 3048 3663 πάν

473 3693 819 3774 ὀφείλομεν
867 3697 1074 3772 λέγειν
1128 3700 1285 3762 κατὰ
1339 3700 1672 3777 ςυςτολήν,
1729 3700 1939 3778 ὥςπερ
1983 3699 2233 3763 Αἰολεῖς
2291 3702 2390 3763 καὶ
2443 3700 2722 3778 Δωριεῖς
2768 3699 3072 3779 ἀποφαί-“

472 3816 711 3859 νονται.
784 3796 821 3873 ἢ
868 3799 1083 3875 μέντοι
1126 3800 1286 3877 παρ’
1330 3799 1479 3878 ἡμῖν
1525 3801 1763 3865 ἕκταςις
1805 3805 1924 3865 τοῦ
1970 3805 2010 3863 ἇ
2055 3802 2156 3864 καὶ
2199 3802 2374 3878 παρὰ
2417 3807 2555 3865 τοῖς
2598 3802 2900 3864 Ἀττικοῖς
2945 3802 3047 3864 καὶ

471 3896 645 3974 παρὰ
688 3900 824 3960 τοῖς
867 3899 1068 3963 Ἴωςιν
1122 3898 1424 3979 ἀφορμὴν
1478 3900 1607 3978 ἔχει
1663 3901 1778 3965 τὸν
1835 3902 2046 3966 τόνον.
2136 3903 2240 3965 διὰ
2293 3904 2416 3979 γὰρ
2473 3903 2547 3966 τὸ
2604 3903 2888 3969 δέξαςθαι
2933 3905 3047 3979 τὴν
3086 3911 3149 3962 35

473 4070 878 4077 ——Q-ffl

602 4186 638 4238 l.
678 4190 709 4237 3
745 4186 943 4236 Arcad.
987 4190 1100 4249 195,
1137 4189 1187 4248 6,
1225 4185 1470 4252 ίατρίνη,
1512 4185 1800 4252 Ὠκεανίνη
1848 4187 2028 4238 adieci
2068 4204 2134 4238 ex
2172 4188 2355 4240 Diehr.
2393 4191 2518 4250 291,
2557 4192 2648 4251 23,
2694 4191 2838 4240 unde
2878 4193 3047 4241 etiam

467 4256 637 4305 verba
672 4253 816 4318 ὑπὲρ
851 4257 1001 4317 τρεῖς
1037 4254 1307 4317 ςυλλαβὰς
1345 4254 1493 4320 ἔφην
1532 4271 1704 4320 usque
1739 4257 1810 4306 ad
1845 4256 2005 4305 finem
2043 4258 2264 4321 sumpsi.
2398 4258 2436 4306 l.
2474 4261 2537 4306 10
2575 4258 2768 4307 Aread.
2811 4262 2923 4319 193,
2961 4263 3044 4319 27,

469 4321 619 4386 Βύνη
656 4321 842 4371 addidi
879 4339 945 4371 ex
984 4323 1167 4372 Dichr.
1202 4324 1323 4386 287,
1364 4326 1443 4385 19,
1483 4339 1578 4387 pro
1613 4322 1702 4374 διὰ
1736 4322 1806 4374 τὸ
1843 4329 1977 4386 ἴυῑῖῆ
2025 4324 2222 4389 scripsi
2265 4323 2352 4374 διὰ
2387 4326 2490 4374 τοῦ
2529 4339 2663 4387 ςυνη
2703 4324 2868 4387 ὄντα,
2918 4327 3045 4376 καλ-

466 4389 673 4453 λοςύνη
711 4390 901 4439 addidi
937 4406 1004 4439 ex
1042 4390 1227 4442 Dichr.
1264 4391 1297 4439 l.
1337 4407 1414 4448 c..
1463 4392 1606 4441 unde
1653 4392 1821 4441 etiam
1864 4408 1959 4456 pro
2007 4391 2234 4441 Arcadii
2276 4393 2462 4442 verbis
2497 4391 2639 4443 ἀλλὰ
2675 4392 2764 4442 καὶ
2814 4393 3042 4458 κορύνη,

467 4455 699 4521 χελύνη,
737 4455 992 4521 Ταμύνη·
1030 4456 1333 4509 ἐκτείνουςι
1368 4457 1430 4508 δὲ
1466 4457 1709 4510 Ἀττικοὶ
1744 4459 1813 4510 τὸ
1850 4457 2061 4523 τορύνη
2099 4461 2256 4524 posui
2292 4456 2341 4510 εἰ
2375 4459 2435 4510 δὲ
2474 4461 2546 4523 μὴ
2585 4460 2700 4522 ἔχοι
2737 4489 2801 4495 -
2839 4459 2916 4511 ὡς
2954 4476 3045 4510 το·

467 4522 605 4640 ἓὲνέη
653 4526 890 4643 sel-vagis
935 4526 1201 4642 extretluisl
1211 4525 1708 4643 6A3112adii42rexj2bis,
1754 4543 1853 4593 pro
1899 4528 2200 4645 qulijpusdgq
2235 4527 2737 4645 Diogr‘bglegpmur
2776 4528 3044 4645 Ἀττὲ-ικιῖις

468 4605 811 4737 ςεωςκέῗᾛῇ
836 4606 1161 4726 Ἰίξιιὲῗίλλόιβιί.»
1200 4609 1463 4726 προιιξέρᾷ
1495 4626 1560 4711 ἲν
1597 4594 2101 4741 ἕτέῥοῗςτηείπιίιμιειῗ
2166 4599 2286 4710 ‘stuf
2318 4609 2386 4711 {2
2425 4598 2884 4723 Βίοῗιιιῖιέἒθῖῆιζὸ.
2915 4610 3022 4646 κτα

470 4723 504 4771 Ι.
542 4726 607 4772 25
644 4726 831 4779 Dlohr.
868 4730 984 4791 294,
1022 4732 1069 4778 4.
1209 4728 1246 4778 l.
1283 4731 1349 4779 29
1386 4729 1572 4783 Dichr.
1613 4738 1737 4812 290,
1776 4742 1824 4789 1.

1230 5003 1243 5034 1
