3664 5546
680 357 764 419 (Α
1612 354 1693 409 εκ
1731 353 1870 407 mu
1913 352 2319 408 ΗΡΩΔιΑΝοΥ
2384 413 2390 421 ,

677 525 1006 592 Αἰτωλοί».
1105 525 1391 604 Ὅμηρος
1445 522 1549 606 (11.
1598 525 1611 588 Ι
1658 522 1812 606 529)
1880 523 2168 591 ὀξύνεται
2231 525 2397 602 πρὸς
2461 524 2801 601 διαςτολὴν
2866 526 2984 586 τοῦ
3045 522 3273 586 «κού-

680 647 905 707 ρητες
961 627 1230 706 Ἀχαιῶν
1286 624 1394 709 (ll.
1441 627 1491 690 Τ
1535 625 1704 708 248).
1790 630 1987 691 τοῦτο
2042 626 2164 705 γὰρ
2209 625 2340 690 ἀπὸ
2396 630 2512 690 τοῦ
2580 626 2774 703 κόρος
2841 625 2879 689 ὁ
2945 625 3096 690 νέος
3161 625 3273 687 κό-

680 751 791 809 ρης
840 731 929 795 ως
975 728 1262 811 ἰαμβικὸν
1307 721 1579 793 κλίνεται
1627 728 1731 792 διὰ
1774 733 1892 792 τοῦ
1936 728 2048 792 f&
2093 730 2193 792 καὶ
2237 727 2573 808 βαρύνεται
2633 729 2724 792 ὡς
2770 727 2997 805 πένης·
3044 726 3147 790 καὶ
3188 726 3273 791 τὸ

678 832 867 898 ἔθνος
901 834 971 896 δὲ
1018 832 1135 896 οὐκ
1181 831 1374 909 ἐχρῆν
1406 830 1767 912 ὀξύνεςθαι,
1814 832 2029 895 καθότι
2075 831 2155 895 οὐ
2188 833 2363 911 φιλεῖ
2392 831 2471 895 τὰ
2502 830 2590 894 εἰς
2624 836 2704 907 ἠς
2736 830 3020 907 λήγοντα
3049 828 3271 892 ἑθνικά

616 947 649 996 5
682 935 842 1013 ὑπὲρ
888 934 1032 1014 μίαν
1064 934 1378 1013 ςυλλαβήν
1411 931 1768 1014 ὀξύνεςθαι,
1815 932 1983 997 ἀλλὰ
2014 933 2497 1012 ςυνεξωμοιώθη
2536 939 2628 1016 τῷ
2674 932 2873 1012 ἀδμής
2919 933 3021 995 καὶ
3051 930 3272 1011 ἀβλής.

681 1037 1069 1115 «ἐκλήθηςαν
1127 1036 1196 1099 δὲ
1247 1034 1589 1116 Κούρητες,
1651 1036 1738 1098 ῶς
1785 1034 2171 1114 Ἀρχέμαχος
2228 1034 2265 1099 ὁ
2311 1034 2610 1115 Εὐβοιεύς
2664 1055 2885 1115 φηςιν,
2942 1033 3040 1097 ὅτι
3053 1082 3071 1114 ,
3127 1033 3273 1096 ἐπεὶ

679 1137 741 1202 οἱ
795 1138 1090 1217 πολέμιοι
1146 1117 1266 1214 τῆξ
1321 1137 1516 1215 κόμης
1580 1136 1794 1202 αὐτῶν
1863 1137 2277 1216 δραττόμενοι
2343 1140 2456 1214 τῆς
2516 1135 2872 1215 ἔμπροςθεν
2937 1135 3273 1199 κατέςπων

679 1238 946 1323 αὐτούς,
992 1238 1250 1304 ὄπιςθεν
1282 1243 1397 1302 τοῦ
1434 1242 1667 1303 λοιποῦ
1703 1238 1971 1321 ἐκόμων,
2018 1238 2378 1317 κειρόμενοι
2423 1239 2500 1302 τὰ
2545 1238 2918 1317 ἔμπροςθεν.
2986 1237 3144 1301 ἔνιοι
3193 1238 3271 1300 δὲ

679 1341 809 1407 ἀπὸ
866 1342 1081 1421 ἥρωος
1122 1340 1411 1420 τοῦνομα
1455 1339 1626 1418 ἔχειν
1670 1343 1745 1406 τὸ
1792 1344 2042 1422 φῦλον,
2111 1339 2172 1405 οἱ
2229 1341 2299 1404 δὲ
2366 1339 2497 1405 ἀπὸ
2565 1340 2761 1418 ὄρους
2814 1343 2933 1404 τοῦ
2993 1337 3270 1416 Κουρίου

583 1455 644 1504 ιο
679 1444 833 1508 τοὺς
882 1443 1204 1522 Κουρῆτας
1249 1440 1412 1507 εἶναί
1455 1463 1678 1524 φαςιν,
1737 1443 1800 1507 οἱ
1854 1444 1925 1507 δὲ
1982 1445 2531 1521 θηλυςτολοῦντας
2601 1443 2690 1507 ὡς
2757 1441 2821 1506 αἱ
2884 1443 3065 1522 κόραι
3120 1440 3272 1504 τοῦ-

682 1566 850 1626 νομα
881 1548 1052 1623 ςχεῑν
1096 1545 1248 1610 τοὺς
1291 1546 1437 1623 περὶ
1479 1546 1594 1624 τὴν
1639 1545 1947 1609 Αἰτωλίαν
1995 1544 2202 1624 φαςίν.
2262 1542 2427 1608 εἶναι
2472 1544 2595 1623 γὰρ
2641 1545 2742 1609 καὶ
2785 1543 3081 1608 τοιοῦτόν
3125 1563 3273 1606 τινα

682 1651 878 1725 ζῆλον
934 1647 1004 1712 έν
1057 1650 1194 1711 τοῖς
1239 1648 1529 1725 Ἕλληςιν
1587 1647 1677 1711 ὡς
1734 1647 1836 1710 καὶ
1881 1646 2110 1711 Ἰάονες
2168 1645 2585 1724 ἑλκεχίτωνας
2640 1646 2915 1725 εἰρῆςθαι
2960 1646 3062 1710 καὶ
3105 1646 3272 1723 κρώ-

685 1753 883 1830 βυλον
938 1750 1040 1813 καὶ
1095 1749 1342 1824 τέττιγα
1398 1749 1805 1828 ἑμπλέκεςθαι
1854 1749 1954 1814 καὶ
2009 1748 2163 1813 τοὺς
2218 1750 2366 1826 περὶ
2406 1748 2731 1813 Λεωνίδαν
2787 1747 3272 1827 κτενιζομένους

682 1853 799 1929 τὴν
857 1850 1086 1933 κόμην,
1143 1851 1248 1915 ὅτ’
1293 1851 1630 1934 ἐπεξῄεςαν
1690 1851 1776 1915 εἰς
1830 1852 1946 1930 τὴν
2003 1851 2238 1932 μάχην,
2297 1854 2857 1930 καταφρονηθῆναι
2917 1851 3045 1915 ύπὸ
3099 1850 3271 1926 Περ-

586 1964 647 2016 15
685 1957 870 2017 ςῶν».
958 1953 1032 2017 τὸ
1093 1952 1308 2031 μέντοι
1367 1956 1673 2034 ςθενῆς,
1727 1957 1985 2034 τεχνῆς,
2044 1956 2314 2034 λαχνῆς,
2379 1957 2612 2031 ζαχρῆς
2678 1952 2809 2017 ἀπὸ
2878 1953 3272 2031 ςυναλοιφῆς

685 2053 1002 2129 γίνονται·
1048 2056 1151 2118 καὶ
1191 2054 1267 2118 τὸ
1312 2053 1567 2131 Φανῆς
1613 2054 1899 2134 ἰαμβικὸν
1947 2053 2377 2134 ἰςοςύλλαβον.

852 2156 945 2220 Τὰ
989 2155 1077 2220 εἰς
1125 2159 1207 2232 ’ῆῖ
1252 2155 1594 2236 διςύλλαβα
1623 2155 1861 2234 ἔχοντα
1904 2157 2031 2235 πρὸ
2076 2160 2192 2221 τοῦ
2234 2161 2270 2234 ἦ
2303 2156 2704 2237 ἀμετάβολον
2736 2157 2877 2237 μετ’
2921 2157 3272 2233 ἐπιπλοκῆς

687 2259 1034 2337 ςυμφώνου
1087 2257 1310 2336 ἑτέρου
1366 2257 1551 2336 κύρια
1615 2257 1774 2322 ὄντα
1845 2259 1882 2336 ἢ
1950 2259 2384 2337 προςηγορικὰ
2451 2257 2817 2340 βαρύνεται,
2878 2259 3271 2340 Μέςθλης,

687 2360 1056 2440 μάςθλης,
1104 2358 1425 2437 Μάγνης
1470 2359 1508 2423 ὁ
1556 2359 1820 2438 πολίτης
1869 2360 2233 2440 Μαγνηςίας
2278 2361 2634 2440 ὁμωνύμως
2678 2368 2770 2442 τῶ
2817 2360 3085 2444 οἰκιςτῇ,
3130 2360 3272 2425 Πί-

584 2477 652 2526 20
684 2481 872 2540 γρης
918 2461 956 2525 ὁ
1000 2461 1310 2544 Τίγρης,
1355 2461 1678 2540 Ὅπλης·
1735 2461 2054 2541 Ὅπλητες
2100 2464 2172 2528 δέ
2217 2463 2366 2528 εἰςιν
2418 2464 2591 2543 φυλὴ
2648 2464 2917 2542 παλαιά,
2976 2462 3083 2541 μία
3137 2467 3271 2528 τῶν

684 2563 1001 2640 τεςςάρων
1065 2567 1195 2650 τῶν
1251 2561 1382 2628 ἀπὸ
1446 2564 1667 2629 Ἴωνος
1733 2564 2012 2646 παίδων,
2076 2565 2382 2643 Πέτρης
2440 2565 2624 2643 λιμήν
2679 2586 2789 2629 τις.
2879 2564 3271 2646 Μέμβλης,

688 2665 1075 2746 Βάμβλης,
1143 2665 1465 2748 λάγνης,
1531 2667 1874 2748 Πάςνης,
1946 2667 2260 2745 Μάςνης
2326 2667 2611 2745 ὀνόματα
2689 2671 3028 2748 ποταμῶν,
3097 2666 3269 2743 Τρί-

686 2769 923 2846 ςπλης
967 2767 1156 2833 ἔθνος
1199 2768 1494 2851 Θρᾴκιον.
1560 2768 1883 2833 Ἑκαταῖος
1914 2769 2205 2853 Εὐρώπῃ,
2249 2770 2567 2848 Πάρνης
2610 2770 2685 2834 τὸ
2732 2769 2887 2848 ὄρος
2931 2773 3042 2848 τῆς
3079 2769 3271 2834 Ἀττι-

685 2874 813 2948 κῆς.
887 2873 1082 2934 τοῦτο
1126 2872 1228 2934 καὶ
1273 2869 1614 2949 ἀρςενικῶς
1661 2871 1924 2947 λέγεται.
2001 2872 2379 2951 Ἀντιφάνης
2435 2872 2505 2935 ἐν
2549 2872 2874 2957 Πυραυνῷ
2932 2873 3038 2937 «ἐς
3081 2872 3269 2950 κόρα-

584 2986 650 3035 25
686 2992 827 3036 κας·
885 2972 1014 3051 ἥξω
1071 2972 1294 3052 φέρων
1338 2993 1406 3036 τε
1450 2977 1641 3051 δεῦρο
1686 2975 1801 3038 τὸν
1847 2973 2143 3052 Πάρνηθ’
2189 2973 2423 3037 ὅλον»·
2482 2974 2583 3037 καὶ
2627 2977 2914 3052 θηλυκῶς
2962 2975 3051 3037 ὡς
3095 2975 3270 3053 παρὰ

688 3073 1122 3153 Ἀριςτοφάνει
1178 3074 1250 3137 ἐν
1299 3074 1611 3155 Νεφέλαις
1667 3076 1761 3156 (V.
1807 3074 1961 3155 323)
2019 3076 2253 3155 «βλέπε
2310 3079 2426 3139 νῦν
2484 3077 2662 3154 δευρὶ
2715 3078 2877 3154 πρὸς
2934 3078 3049 3154 τὴν
3093 3076 3269 3154 Πάρ-

645 3252 652 3261 ,
689 3182 910 3254 νηθα».
997 3176 1247 3254 Ἴγνης
1292 3176 1480 3241 ἔθνος
1526 3177 1783 3254 οἰκῆςαν
1828 3178 1944 3255 τὴν
1991 3177 2241 3259 Ῥόδον,
2287 3178 2324 3241 ὃ
2369 3179 2472 3241 καὶ
2515 3164 2712 3256 χωρὶς
2756 3183 2872 3241 τοῦ
2918 3182 2948 3241 ἰ
3005 3178 3270 3253 λέγεται.

688 3277 995 3356 Φάγρης
1062 3277 1246 3341 πόλις
1311 3278 1591 3359 Θρᾴκης·
1662 3279 1986 3343 Ἑκαταῖος
2051 3280 2320 3362 Εὐρώπῃ
2379 3282 2478 3343 καὶ
2544 3280 2938 3358 Θουκυδίδης
3004 3280 3271 3364 δευτέρᾳ

689 3364 771 3461 (e.
819 3378 945 3461 99).
1037 3379 1363 3463 Βάβρης,
1409 3381 1769 3462 Ἐγκρης,
1817 3380 2108 3459 (άτρης
2164 3380 2352 3444 ἔθνος
2399 3381 2648 3463 Θρᾴκης
2697 3383 2787 3446 ὡς
2831 3382 3154 3446 Ἑκαταῖος
3200 3382 3271 3445 ἐν

588 3494 655 3545 30
690 3482 961 3565 Εὐρώπῃ
1014 3481 1218 3561 φηςίν.
1311 3484 1348 3545 Γ
1366 3483 1653 3561 όνδρης
1709 3482 1988 3565 Θρᾴκιον
2044 3482 2248 3546 ἔθνος.
2350 3482 2632 3562 Νίγρης
2697 3484 2986 3563 ποταμὸς
3041 3483 3272 3564 Λιβύης

689 3585 791 3648 καὶ
834 3583 1051 3665 ἔθνος,
1108 3584 1147 3646 Γ
1160 3583 1400 3663 ύμνης
1455 3584 1671 3648 ἔθνος·
1731 3584 1962 3662 ἐκλήθη
2018 3585 2089 3647 δὲ
2157 3583 2254 3647 ὅτι
2298 3590 2389 3669 τῷ
2446 3585 2611 3662 θέρει
2668 3587 2898 3665 γυμνοὶ
2954 3587 3269 3666 μένουςιν.

690 3685 845 3750 εἴτι
891 3687 964 3750 δὲ
1006 3691 1424 3770 περιςπαςθῇ,
1481 3687 1637 3749 κατὰ
1691 3680 1899 3750 πάθος
1954 3686 2215 3762 γέγονε·
2271 3688 2347 3750 τὸ
2401 3687 2524 3764 γὰρ
2578 3691 2888 3769 τεχνῆς,
2944 3691 3270 3768 λαχνῆς,

623 3848 628 3852 .
689 3792 974 3867 ζαχρῆς
1047 3786 1178 3852 ἀπὸ
1253 3790 1646 3867 ςυναλοιφῆς
1716 3786 2018 3861 γίνονται.
2134 3789 2209 3851 τὸ
2276 3787 2491 3866 μέντοι
2559 3789 2889 3869 γυμνής,
2957 3789 3272 3871 χερνής,

601 3926 602 3929 ¹
691 3890 972 3971 ἀβλής,
1016 3891 1403 3971 προβλής,
1450 3888 1725 3971 ἀδμής,
1772 3889 2009 3968 ἀκμή(
2054 3890 2370 3953 ἐπιθετικά
2416 3888 2576 3954 ὄντα
2620 3889 2974 3956 ὀξύνονται.

691 4043 753 4096 ἐν
788 4044 905 4096 δυςὶ
940 4042 1138 4095 τόποις
1175 4041 1452 4108 κούρητας
1489 4040 1743 4095 οἵςοντας
1773 4042 2008 4106 Ἀχιλλεῖ
2043 4043 2224 4107 δῶρα,
2264 4041 2509 4094 ἐνταῦθα
2544 4042 2692 4107 λέγει
2728 4043 2863 4095 τοὺς
2899 4043 3087 4107 νέους,
3126 4042 3273 4108 ὅπερ

691 4112 1031 4177 Ἡρωδιανὸς
1068 4110 1433 4173 ἀναγινώςκει
1471 4114 1554 4175 τῷ
1591 4110 1746 4178 τόνῳ
1785 4110 1864 4162 ὡς
1902 4111 2149 4175 πένητας
2195 4109 2386 4163 κλίνας
2423 4110 2502 4163 ὡς
2538 4109 2794 4175 ἰαμβικὸν
2830 4112 2945 4163 ἀπὸ
2974 4115 3078 4164 τοῦ
3105 4110 3273 4176 κόρος

690 4181 722 4232 ὁ
759 4179 887 4231 νέος
925 4180 1095 4244 κόρης
1132 4179 1370 4243 κόρητος
1408 4184 1464 4229 et
1500 4183 1616 4242 771,
1651 4184 1717 4230 38
1753 4180 1898 4230 unde
1937 4181 2140 4230 collato
2180 4180 2369 4245 steph.
2408 4183 2470 4231 B.
2511 4196 2553 4230 s.
2594 4179 2867 4244 Ἀκαρνάν
2903 4188 2961 4232 et
2999 4183 3273 4231 Strabone

689 4267 741 4314 p.
778 4252 879 4299 465
916 4250 1314 4313 expositionem
1353 4248 1421 4296 de
1459 4252 1638 4311 etymo
1677 4250 1921 4313 praebui.
2063 4250 2095 4297 Ι.
2140 4250 2197 4297 19
2234 4245 2470 4312 Μάγνης
2506 4249 2727 4315 explevi
2764 4266 2831 4299 ex
2869 4251 2948 4300 St.
2980 4250 3041 4299 B.
3069 4252 3193 4310 4⁶25,
3225 4253 3273 4297 1.

689 4314 906 4382 Πίγρης
945 4333 1011 4366 ex
1049 4318 1130 4365 St.
1155 4316 1220 4365 Β.
1259 4319 1372 4369 143,
1415 4318 1435 4364 1
1481 4321 1536 4364 et
1577 4320 1687 4377 103,
1723 4318 1756 4365 8
1792 4317 2090 4381 explicavi,
2126 4316 2477 4367 Herodianus
2515 4333 2583 4366 ex
2608 4317 2840 4367 Arriano
2866 4319 3099 4368 nominis
3137 4318 3274 4365 scri-

693 4393 908 4452 pturam
945 4385 1179 4450 sumpsit
1228 4385 1299 4435 cf.
1337 4385 1504 4434 Mein.
1544 4383 1765 4448 ‘'Onknc
1813 4383 2031 4448 explevi
2079 4400 2145 4434 ex
2183 4384 2261 4435 St.
2300 4386 2362 4434 Β.
2402 4388 2494 4447 44,
2530 4389 2578 4436 3.
2653 4384 2920 4449 Μέμβλης
2957 4414 3023 4420 ——
3062 4383 3274 4448 λάγνης

692 4470 757 4503 ex
797 4454 989 4505 Choer.
1031 4455 1125 4501 142
1164 4458 1220 4502 et
1260 4455 1371 4501 144.
1441 4450 1667 4517 Πάςνης
1703 4465 1754 4502 et
1791 4450 2021 4517 Μάςνης
2069 4468 2136 4502 ex
2176 4453 2374 4503 Herod.
2413 4453 2552 4502 libro
2600 4453 2726 4517 περὶ
2772 4451 3086 4507 ςυντάξεως
3131 4466 3275 4502 ςτοι-

692 4519 864 4585 χείων
901 4523 956 4571 ἰη
997 4521 1057 4573 Ε.
1095 4522 1168 4572 Μ.
1206 4523 1323 4582 449,
1365 4522 1440 4570 15.
1514 4518 1795 4585 Τρίςπλης
1834 4538 1900 4571 ex
1939 4523 2015 4574 St.
2055 4521 2116 4570 B.
2154 4523 2269 4577 637,
2310 4523 2389 4581 12,
2429 4519 2661 4585 Πάρνης
2699 4538 2748 4585 p.
2784 4525 2899 4575 506.
2939 4526 3018 4572 15.
3090 4518 3274 4584 Ἰγνης

690 4594 816 4647 209,
859 4591 919 4638 18
956 4593 1013 4638 et
1049 4590 1172 4650 326,
1212 4591 1268 4647 5.
1317 4586 1540 4653 Φάγρης
1576 4592 1702 4649 654,
1739 4594 1788 4639 8.
1862 4587 2076 4654 Βάβρης
2113 4588 2348 4652 Ἐγκρης
2395 4588 2583 4641 Choer.
2627 4593 2722 4639 143
2770 4595 2824 4638 et
2873 4592 2987 4642 144.
3057 4586 3276 4652 Εάτρης

692 4659 773 4709 St.
811 4661 875 4710 B.
911 4659 1029 4718 557,
1069 4659 1152 4719 24,
1196 4655 1229 4706 Γ
1231 4655 1433 4721 όνδρης
1469 4660 1585 4715 210,
1626 4660 1714 4719 11,
1755 4658 1849 4706 ubi
1885 4659 2133 4708 additur:
2172 4655 2394 4719 λέγεται
2430 4656 2490 4707 δὲ
2528 4656 2670 4722 παρ’
2706 4656 3032 4722 Ἡρωδιανῷ
3073 4655 3277 4719 Κίνδρα

691 4726 781 4776 καὶ
822 4724 1035 4786 Ῥόνδα,
1075 4724 1215 4790 quod
1255 4726 1423 4774 Mein.
1463 4741 1522 4774 se
1561 4741 1667 4773 non
1706 4727 1965 4790 expedire
2004 4727 2229 4782 fatetur,
2268 4725 2504 4775 fortasse
2544 4727 2889 4777 scribendum
2928 4734 3015 4775 est
3053 4722 3276 4788 Κίνδραι

693 4794 783 4844 καὶ
822 4792 1052 4845 Ῥόνδαι.
1128 4790 1330 4857 Νίγρης
1367 4795 1485 4855 474,
1523 4796 1602 4854 15,
1645 4791 1858 4857 Γύμνης
1893 4796 2009 4852 214,
2052 4797 2128 4844 17.
2267 4793 2301 4842 l.
2334 4796 2399 4842 32
2435 4792 2504 4843 τὸ
2541 4792 2646 4858 γὰρ
2681 4796 2883 4857 τεχνῆς
2920 4822 2985 4828 --
3021 4791 3278 4857 γίνονται

693 4878 760 4912 ex
799 4864 977 4927 priore
1025 4876 1234 4912 canone
1280 4863 1542 4927 repetivi,
1590 4861 1791 4926 χερνής
1837 4861 2028 4911 addidi
2076 4878 2143 4912 ex
2189 4861 2388 4911 Aread.
2423 4864 2516 4926 96,
2555 4865 2613 4924 7,
2658 4860 2834 4927 ἀδμής
2879 4860 3057 4928 ἀκμή(
3103 4878 3169 4912 ex
3208 4863 3280 4914 ΙΙ.

3384 4924 3413 4945 Ι
