3664 5546
558 967 591 1015 5

620 379 747 444 372
879 402 884 406 ·
1558 378 1640 432 ΕΚ
1677 378 1816 431 ΤΩΝ
1859 377 2269 463 ΗΡΩΔΙΑΝῼΥ

620 551 660 627 ἢ
708 550 1081 631 κώνειον,
1127 551 1477 632 γε’νειον,
1523 548 1883 630 δάνειον,
1928 548 2334 631 κράνειον,
2380 548 2697 612 κάνειον
2744 548 2782 611 ὃ
2825 548 2927 612 καὶ
2955 547 3213 630 κάνεον,

620 651 1002 734 Φάνειον,
1068 651 1448 732 Πάνειον,
1515 650 1907 734 κτένειον,
1974 651 2012 713 ὃ
2068 653 2382 729 φοροῦςιν
2449 649 2512 711 αἱ
2566 652 2862 725 γυναῖκες
2927 647 3034 713 ἐπὶ
3094 653 3215 712 τοῦ

623 751 1078 835 ςῖιναδήματος,ν
1123 752 1466 816 κύνειον.
1540 754 1615 816 τό
1682 754 1752 817 δὲ
1821 754 2180 817 κοινεῖον
2250 753 2757 829 προπεριςπᾶται
2816 751 2935 815 οὐκ
2991 751 3082 815 εἰς
3141 751 3214 828 ἓν

621 858 886 934 φωνῆεν
935 857 1135 932 λῆγον
1179 855 1283 917 καὶ
1329 857 1705 931 λυχνεῖον
1751 856 1854 918 καὶ
1896 855 2316 934 πορνεῖον,
2363 853 2444 915 οὐ
2491 852 2694 931 μόνον
2742 852 2980 929 ἔχοντα
3036 853 3112 915 τὸ
3158 855 3214 914 V.

790 976 827 1010 οι
877 955 970 1018 Τὰ
1015 956 1120 1018 διὰ
1164 959 1281 1019 τοῦ
1311 959 1462 1018 ᾗόν
1506 959 1826 1035 μονογενῆ
1883 955 2264 1034 τριςύλλαβα
2321 953 2452 1018 ἀπὸ
2508 953 3058 1033 ἑνὸς-ςυμφώνου
3103 952 3214 1031 ἀρ-

625 1056 868 1135 χόμενα
912 1056 1149 1134 ἔχοντα
1203 1058 1278 1121 τὸ
1323 1059 1362 1134 ἦ
1408 1057 1445 1134 ἢ
1502 1057 1577 1121 τὸ
1625 1057 1710 1138 ffi,
1767 1058 1848 1135 μὴ
1906 1056 2143 1134 ἔχοντα
2186 1056 2261 1119 τὸ
2307 1059 2347 1132 ῖι
2391 1056 2520 1132 πρὸ
2576 1057 2689 1132 τῆς
2735 1057 2787 1118 {i
2833 1054 3214 1136 διφθόγγου,

620 1158 1212 1240 προπαροξύνεται,
1267 1158 1634 1239 κώρειον,
1688 1158 2053 1235 ζήτρειον
2111 1158 2212 1222 καὶ
2265 1158 2631 1239 ζώτειον,
2690 1155 2728 1220 ὁ
2781 1156 2979 1235 μύλος
3043 1155 3213 1220 ὅπου

621 1258 684 1322 αἱ
740 1260 895 1324 ζειαὶ
950 1259 1305 1324 ἐκόπτοντο
1361 1261 1400 1338 ἢ
1459 1259 1666 1323 τόπου
1722 1258 1932 1337 ὄνομα
1988 1259 2158 1323 ὅπου
2216 1259 2276 1322 οἱ
2335 1261 2559 1322 δοῦλοι
2606 1257 3025 1339 ἐκολάζοντο,
3082 1257 3213 1334 γή-

621 1379 871 1442 τειον,
928 1360 1255 1437 χήλειον
1314 1361 1351 1425 ὃ
1396 1362 1499 1424 καὶ
1541 1362 1826 1444 χὲλειον,
1883 1362 2238 1440 γήρειον,
2286 1359 2617 1438 βήχειον
2670 1359 2709 1437 ἡ
2757 1360 3028 1440 βοτάνη,
3083 1343 3221 1434 κή-’

524 1472 586 1522 10
621 1481 841 1525 τειον
886 1468 926 1542 ἡ
974 1462 1210 1540 βοτάνη
1254 1469 1330 1545 τῇ
1376 1461 1653 1541 ἀνθέρικι
1699 1463 2144 1540 παραπλήςιον
2199 1460 2286 1524 εἰς
2341 1459 2570 1538 ἔμετον
2627 1461 3014 1543 ἐπιτήδειος,
3070 1460 3215 1539 μεθ’

621 1563 714 1627 ὧν
760 1564 862 1626 καὶ
909 1563 1319 1641 βρένθειον
1365 1562 1542 1628 εἶδος
1585 1564 2253 1642 πολυτελοῦς“μύρου.

788 1664 883 1729 Τὰ
927 1665 1031 1728 διὰ
1077 1668 1190 1727 τοῦ
1234 1668 1384 1728 εἷο-ν
1437 1669 1758 1743 μονογενῆ
1801 1664 2185 1743 τριςύλλαβα
2230 1665 2422 1742 χωρὶς
2471 1668 2603 1728 τῶν
2648 1663 2999 1742 εἰρημένων
3047 1684 3206 1742 προ-

618 1768 1013 1847 περιςπᾶται,
1044 1769 1516 1848 πορθμεῖον,
1549 1769 1988 1849 ςτοιχεῖον,
2020 1764 2381 1847 ἀγγεῖον,
2412 1768 2846 1847 γραφεῖον,
2885 1766 3209 1848 ᾠδεῖον,

620 1869 968 1949 ςημεῖον,
1014 1870 1431 1950 μνημεῖον,
1487 1870 1915 1949 πρωτεῖον,
1962 1869 2377 1949 ςφηκεῖον,
2423 1866 2738 1948 ἠχεῖον,
2782 1857 3210 1947 πορνεῖον,

520 1980 581 2028 15
617 1970 1028 2051 λυχνεῖον,
1074 1967 1437 2051 ἀρχεῖον,
1483 1972 1873 2048 φυλλεῖον
1918 1972 2048 2032 τῶν
2097 1968 2397 2045 λαχάνων
2429 1968 2505 2031 τὸ
2551 1967 2762 2032 ἕωλον
2793 1969 2896 2031 καὶ
2933 1969 3211 2048 φαῦλον,

618 2071 987 2146 χυτρεῑον
1006 2118 1024 2150 ,
1072 2074 1446 2148 χυρρεῑον
1492 2072 1568 2134 τὸ
1614 2071 1873 2136 ξύλινον
1921 2070 2366 2148 δεςμωτήριον.
2428 2073 2763 2133 τοπεῖον
2808 2070 2884 2133 τὸ
2931 2069 3211 2147 ςχοινίον

617 2173 728 2247 τῆς
771 2170 951 2234 νεώς.
1041 2191 1071 2235 ς
1084 2193 1118 2234 κ
1135 2193 1175 2234 α
1189 2192 1239 2251 φ
1256 2192 1286 2236 ε
1300 2175 1325 2234 ῖ
1339 2193 1375 2235 ο
1392 2192 1430 2237 ν
1475 2174 1551 2236 τὸ
1595 2172 1951 2249 γεωργικὸν
1999 2169 2368 2253 ἐργαλεῖον,
2425 2194 2460 2234 κ
2474 2192 2510 2234 ο
2526 2192 2565 2234 υ
2580 2191 2616 2249 ρ
2631 2190 2661 2234 ε
2674 2174 2699 2232 ῖ
2713 2191 2750 2234 ο
2766 2191 2803 2234 ν
2860 2172 2936 2235 τὸ
2980 2174 3211 2234 κοινῶς

619 2271 988 2350 λεγόμενον.
1076 2273 1154 2336 τὸ
1211 2274 1282 2336 δὲ
1341 2271 1515 2337 ἰδίως
1583 2266 1740 2351 παρ’
1789 2273 2141 2351 Ἀθηναίοις
2207 2272 2792 2350 προπαροξύνεται·
2860 2270 3032 2335 οὕτω
3088 2271 3209 2348 γὰρ

614 2376 896 2445 καλεῖται
944 2372 1013 2438 ἐν
1048 2373 1286 2458 Ἀττικῇ
1331 2376 1406 2439 τὸ
1450 2373 1689 2452 ἱερεῖον
1736 2374 2054 2453 θυόμενον
2071 2421 2087 2451 ,
2134 2371 2318 2452 ἡνίκα
2348 2374 2718 2453 ἐγράφοντο
2756 2373 2821 2437 οἱ
2851 2376 3074 2452 κοῦροι
3120 2371 3209 2436 εἰς

515 2487 585 2538 20
617 2475 770 2538 τοὺς
826 2475 1176 2554 φράτορας.
1266 2479 1642 2553 χαλκεῖον
1709 2476 1910 2544 τόπος
1970 2476 2072 2538 καὶ
2137 2474 2344 2552 ἑορτή.
2433 2480 2628 2540 τοῦτο
2694 2475 2818 2552 γὰρ
2873 2474 2911 2551 ἡ
2969 2474 3210 2538 πλείων

516 2997 580 3045 ’25

616 2579 829 2654 χρῆςις
874 2581 1293 2660 προπεριςπᾷ.
1361 2599 1407 2641 π
1423 2597 1458 2655 ρ
1474 2597 1504 2641 ε
1520 2598 1551 2642 ς
1568 2581 1645 2656 βε
1659 2580 1685 2640 ῖ
1699 2598 1736 2641 ο
1751 2598 1787 2639 ν
1801 2626 1818 2659 ,
1868 2580 1902 2640 λ
1918 2597 1955 2640 ο
1970 2597 2021 2655 φ
2036 2596 2066 2640 ε
2078 2579 2104 2639 ῖ
2117 2596 2153 2638 ο
2168 2596 2205 2640 ν
2248 2575 2287 2652 ἡ
2335 2577 2491 2654 θήκη
2543 2580 2654 2654 τῆς
2697 2575 3209 2654 περικεφαλαίας.

618 2679 1027 2758 μουςεῖον,
1075 2682 1479 2761 βραβεῖον,
1525 2682 1903 2761 φορεῖον,
1949 2680 2292 2755 πορεῖον
2340 2676 2481 2741 ἀντὶ
2524 2682 2641 2741 τοῦ
2674 2676 3013 2755 ὀχήματος.
3069 2689 3210 2739 πό-

617 2781 843 2843 δεῖον
900 2776 1126 2858 εἴλημα
1180 2785 1309 2845 τῶν
1366 2785 1609 2846 ποδῶν.
1698 2783 2100 2858 πομπεῖον
2148 2780 2186 2843 ὁ
2229 2780 2447 2844 τόπος.
2538 2779 2814 2856 ὀχεῖον
2866 2779 2905 2858 ἡ
2951 2778 3209 2856 ἄγκυρα.

615 2879 692 2942 τὸ
738 2881 810 2944 δὲ
854 2900 1048 2957 παρε
1066 2902 1084 2945 ι
1103 2881 1190 2946 όν
1238 2910 1262 2935 «
1282 2881 1493 2960 ὦχρος
1537 2883 1608 2946 δέ
1655 2903 1758 2961 μιν
1804 2879 1936 2945 εἷλε
1992 2881 2263 2960 παρειά»
2311 2882 2381 2964 (Γ
2425 2880 2536 2961 35)
2581 2880 2889 2947 ὀξύνεται.
2964 2881 3043 2943 τὰ
3086 2880 3209 2957 γὰρ

619 2978 750 3043 ἀπὸ
807 2985 937 3045 τῶν
994 2983 1311 3046 τοιούτων
1370 2986 1661 3060 θηλυκῶν
1717 2984 2233 3061 μεταποιούμενα
2286 2982 2375 3046 εἰς
2435 2981 2782 3060 οὐδέτερον
2838 2981 3028 3057 γένος
3091 2985 3209 3044 τοῦ

619 3080 819 3145 αὐτοῦ
888 3084 1353 3161 ςημαινομένου
1415 3084 1727 3162 μένοντος
1800 3085 1916 3148 τὸν
1993 3084 2192 3149 αὐτὸν
2264 3082 2567 3164 φυλάςςει
2640 3084 2868 3165 τόνον,
2940 3081 3207 3158 πλευραί

618 3181 897 3264 πλευρά,
953 3184 1147 3262 πυραί
1202 3184 1390 3262 πυρά.
1480 3184 1598 3248 οὐκ
1653 3183 1991 3250 ἀντίκειται
2035 3187 2112 3250 τὸ
2158 3185 2376 3264 νευραί
2431 3186 2535 3249 καὶ
2583 3188 2796 3263 νεῦρα.
2884 3183 3206 3262 διάφορον

755 3468 791 3520 1.
831 3472 855 3518 1
895 3468 930 3532 ἢ
970 3468 1209 3520 κώνειον
1244 3468 1475 3535 a'pposui
1512 3480 1735 3538 propter
1769 3474 2111 3539 Theoguosti
2149 3474 2476 3537 scripturam
2513 3470 2778 3535 κώνειον,
2827 3471 3045 3522 nomina
3081 3466 3206 3534 κρά-

511 3596 519 3605 ·
619 3551 772 3588 νειον
809 3563 872 3572 -
911 3536 1164 3588 κτένειον
1200 3538 1404 3588 addidi·
1425 3557 1490 3589 ex
1527 3541 1802 3604 Theogn.‚
1845 3542 1995 3607 apud
2035 3557 2197 3605 quem
2232 3539 2452 3593 ξάνειον
2501 3556 2567 3589 ex
2602 3538 2851 3591 Πάνειον
2896 3547 3205 3603 corruptum

618 3604 863 3666 videtum
903 3604 1126 3656 κύνειον
1165 3622 1231 3654 ex
1270 3606 1388 3656 eod.
1426 3624 1476 3671 p.
1509 3610 1622 3671 128,
1650 3611 1728 3665 18,
1768 3625 2096 3673 quamquam
2132 3610 2279 3658 inter
2317 3611 2799 3673 properispomena
2826 3608 3065 3657 relatum
3103 3612 3205 3664 est,

619 3673 791 3721 verba
837 3671 941 3722 οὐκ
987 3670 1064 3723 εἰς
1114 3671 1176 3723 ἓν
1220 3675 1457 3738 φωνῆεν
1502 3675 1680 3739 λῆγον
1725 3676 1847 3740 ipse
1893 3677 2103 3736 adieci,
2156 3687 2451 3740 propterea
2497 3675 2640 3739 quod
2688 3675 2760 3725 ad
2813 3675 3073 3738 λυχνεῖον
3116 3672 3205 3722 καὶ

621 3742 890 3804 πορνεῖον
928 3741 1274 3805 exceptionis
1312 3757 1479 3792 causa
1517 3743 1739 3793 adiecta.
1777 3750 1881 3793 est.
2088 3743 2131 3792 1.ἱ
2160 3748 2191 3793 5
2236 3744 2380 3793 hunc
2426 3758 2692 3792 canonem
2738 3736 2815 3793 ex'
2841 3743 3084 3805 Theogn.
3123 3756 3206 3788 re-

624 3808 775 3871 cepi;
816 3823 914 3871 pro
950 3807 1190 3872 θώρειον
1227 3810 1423 3874 scripsi
1460 3809 1724 3874 κώρειον,
1773 3827 1914 3875 quae
1962 3812 2197 3862 sortasse
2247 3816 2331 3861 est
2376 3811 2578 3860 Dorica
2623 3812 2836 3874 speeies
2878 3810 3034 3858 vocis
3078 3804 3204 3857 κού-

620 3888 774 3937 ρειον
804 3875 881 3954 pf.
918 3875 1052 3925 Lob.
1091 3875 1357 3952 ljr011442
1395 3884 1537 3941 not„
1585 3895 1683 3944 pro
1716 3876 1948 3962 βήτειον
1991 3877 2249 3941 γήτειον,
2298 3895 2396 3943 pro
2433 3875 2672 3962 χείλειον
2708 3875 2933 3940 χήλειον
2973 3878 3207 3955 -propter

622 3958 849 3993 canorus
890 3945 1057 3993 verba
1093 3958 1127 4007 η
1167 3943 1201 4006 ἢ
1240 3959 1286 3994 ω
1325 3943 1556 4008 ἔχοντα,
1597 3946 1699 4008 μεθ
1766 3944 1852 3995 ὧν
1889 3945 1978 3996 καὶ
2016 3945 2303 4009 βρένθειον
2341 3962 2409 3996 ex
2446 3948 2510 3998 h.
2536 3948 2608 3998 M.
2635 3948 2749 4006 230,
2775 3947 2856 3999 65,
2894 3943 2988 3995 ubi
3027 3957 3204 3991 canon

624 4026 690 4058 ex
729 4009 1071 4060 derivatione
1109 4012 1404 4076 repetitur:
1443 4012 1515 4063 τὰ
1550 4011 1665 4064 ἀπὸ
1701 4015 1823 4063 τῶν
1862 4011 1940 4064 εἰς
1976 4015 2043 4064 δῖ
2077 4011 2425 4075 διςυλλάβων
2471 4010 2786 4075 οὐδετέρων
2822 4008 2910 4061 διὰ
2945 4011 3048 4060 τοῦ
3088 4023 3204 4059 ειον

620 4076 889 4140 γινόμενα
926 4076 1195 4143 οὐδέτερα
1233 4077 1378 4141 μόνα
1414 4079 1502 4130 διὰ
1537 4081 1639 4144 τῆς
1676 4085 1724 4131 εἰ
1760 4080 2071 4143 διφθόγγου
2106 4078 2383 4144 γράφεται
2404 4076 2543 4161 ,οἷον
2571 4077 2737 4161 δάνος
2760 4076 3002 4162 δάνειον,
3040 4076 3203 4157 γένος

603 4143 1643 4279 Ji?ssss'vzf‘ffi‘vssssssofffil‘ifflssgffss‘f
1679 4147 2040 4280 ffipssiizissa‘?
2043 4149 2341 4279 ²533ssssss
2351 4148 2775 4276 ”35202001223‘35
2811 4144 3204 4275 ἓᾏῖοὲπὸιιῖῗξ

618 4278 871 4343 Ζώτειον,
911 4280 978 4329 (1ο
1018 4297 1122 4345 quo
1160 4283 1330 4331 etiam
1363 4284 1425 4332 Ε.
1452 4282 1525 4335 Μ.
1551 4286 1668 4345 414,
1705 4288 1797 4334 4οε
1835 4281 2069 4335 ζώτειον
2108 4281 2629 4348 προπαροξυτόνως
2666 4280 2698 4332 ό
2737 4280 2959 4344 μυλών,
2998 4280 3205 4359 ins-erui

619 4346 877 4411 Ζήτρειον
926 4365 991 4399 ex
1039 4349 1235 4399 Choer.
1282 4350 1536 4415 Orthogr.
1574 4355 1696 4407 215,
1735 4354 1798 4402 27
1849 4360 1907 4401 et
1953 4353 2015 4400 E.
2062 4353 2135 4401 M.
2182 4354 2310 4412 411,
2357 4354 2450 4415 33,
2499 4352 2593 4415 qui
2639 4349 2796 4399 loeus
2842 4366 2910 4400 ex
2958 4348 3202 4414 plemore

622 4415 921 4481 exemplari
966 4416 1224 4481 orthogra
1265 4417 1390 4467 hiae
1438 4418 1611 4468 fluxit.
1692 4419 1801 4467 Hic
1847 4418 2002 4469 addit
2049 4418 2244 4471 Choer.
2291 4420 2467 4469 τοῦτο
2523 4416 2584 4468 δὲ
2630 4415 2662 4467 ὁ
2710 4415 2812 4481 μὲν
2857 4415 3026 4479 Ὦρος
3069 4428 3203 4478 προ-

620 4481 921 4546 παροξύνει
958 4481 1037 4533 ώς
1072 4483 1142 4534 τὸ
1179 4434 1434 4549 γιξτειον,
1482 4484 1514 4536 ὁ
1561 4484 1623 4536 δὲ
1663 4484 1946 4549 Ὠριγένης
1993 4488 2371 4551 προπεριςπᾷς
2413 4486 2581 4535 Orum
2619 4491 2831 4546 autem,
2881 4498 3203 4549 quamquam

620 4552 846 4614 saepius
883 4550 1258 4601 Herodianum
1294 4553 1604 4617 impugnat,
1643 4554 2021 4603 Herodianum
2056 4555 2110 4601 in
2148 4554 2336 4603 multis
2375 4554 2535 4617 sequi
2570 4568 2676 4601 non
2715 4552 2904 4616 pudet.
3066 4549 3103 4599 l.
3144 4552 3205 4599 14
3296 4552 3317 4571 ⁶

615 4618 838 4667 nomina
875 4617 1004 4667 inde
1042 4620 1112 4667 ab
1151 4622 1422 4683 μνημεῖον
1458 4636 1628 4685 usque
1666 4621 1735 4670 ad
1763 4619 1952 4682 ὀχεῖον
1975 4622 2209 4686 apposui
2236 4636 2301 4671 ex
2327 4620 2575 4684 Theogn.
2605 4622 2717 4681 128,
2743 4622 2792 4679 6,
2831 4618 3024 4683 ἡλεῖον
3049 4618 3204 4667 omisi

616 4690 677 4733 ut
714 4686 854 4735 male
894 4701 960 4733 ex
995 4685 1186 4748 ἠχεῑον
1223 4687 1540 4751 repetitum,
1579 4703 1676 4752 pro
1713 4690 1990 4751 χοιτρεῖον
2027 4689 2222 4753 scripsi
2257 4690 2541 4750 χυτρεῖον,
2580 4687 2651 4736 ad
2678 4685 2935 4749 κούρειον
2970 4685 3206 4750 apposui

616 4751 772 4802 οὕτω
809 4751 916 4814 γὰρ
952 4754 1201 4804 καλεῖται
1238 4781 1301 4787 -
1339 4751 1416 4804 εἰς
1453 4752 1587 4804 τοὺς
1625 4753 1912 4818 φράτορας
1960 4772 2026 4805 cx
2068 4758 2127 4803 1·:.
2170 4756 2241 4807 Μ.
2279 4756 2395 4814 533,
2434 4758 2524 4816 ⁶29,
2573 4754 2834 4817 χαλκεῖον
2883 4753 3099 4818 explevi
3138 4768 3205 4801 ex

615 4820 677 4868 Ε.
711 4822 777 4869 Μ.
803 4825 919 4883 8⁴15,
948 4822 1031 4883 47,
1069 4823 1160 4870 ubi
1198 4821 1230 4870 ὸ
1257 4820 1598 4885 Ἡρωδιανὸς
1624 4820 1800 4885 λέγει,
1841 4823 1926 4872 ὅτι
1954 4824 1987 4884 ἡ
2018 4821 2233 4874 πλείων
2259 4823 2443 4886 χρῆςις
2470 4824 2841 4886 προπεριςπᾷ.
2868 4847 2929 4854 --
2972 4821 3003 4874 1.
3034 4822 3097 4869 ³21
3134 4818 3203 4869 τὸ
