3664 5546
603 374 740 423 ceu
1673 365 2090 423 PRAEFA‘rlo.
2162 428 2167 431 ,

600 528 792 593 diano
837 530 1140 613 congruit
1183 540 1378 618 atque
1421 530 1536 595 ubi
1579 531 1665 595 ab
1722 552 1795 596 eo
1842 530 2062 595 differt
2107 529 2457 595 coniectari
2500 526 2656 591 lieet
2710 524 3032 591 voeabula
3077 525 3171 589 di-

598 655 786 697 verse
830 633 1074 719 scripta
1118 655 1279 696 esse.

764 734 1030 821 Duplici
1074 757 1360 800 consona
1405 734 1604 800 donat
1647 736 1805 800 HeS.
1856 757 1940 799 ex
1983 734 2346 798 Herodiani
2388 733 2790 819 praescripto
2837 730 3000 796 haee
3043 731 3174 796 ἄδ-

598 844 735 915 δην
781 835 858 901 Il.
905 837 1014 901 Pr.
1048 839 1090 903 Ε
1117 838 1278 917 203,
1329 839 1776 922 Κεφαλλήν,
1824 836 1998 924 quod
2043 836 2271 901 ordine
2316 836 2698 922 requiritur,
2745 833 3051 898 Eustath.
3087 835 3171 899 ad

596 936 869 1025 Dionys.
914 940 1034 1004 431
1086 950 1150 1004 et
1193 939 1388 1004 Hom.
1439 941 1630 1020 1396,
1679 941 1746 1022 73
1791 941 2353 1019 Προκόννηςος
2398 938 2491 1002 St.
2540 938 2648 1011 B.,
2694 939 3173 1014 Ἀγαθοῦςςα

596 1042 691 1106 St.
738 1042 837 1125 B.,
884 1045 1362 1121 καιροςςέων
1409 1041 1621 1107 Schol.
1669 1043 1751 1107 ad
1794 1040 1920 1106 Od.
1964 1065 2002 1122 η
2052 1041 2195 1122 107,
2239 1042 2563 1121 κροςςός
2607 1038 2855 1103 Herod.
2906 1062 3010 1124 ap.
3042 1039 3171 1102 Eu-

595 1143 787 1208 stath.
842 1145 1033 1225 1746,
1081 1144 1197 1226 30,
1261 1146 1560 1223 Μέςςην
1608 1143 1699 1208 St.
1750 1144 1826 1207 B.
1874 1166 1927 1207 s.
1975 1146 2300 1225 Μεςςήνη,
2360 1143 2752 1208 Μακεττία
2795 1143 2833 1222 ἡ
2882 1144 3170 1207 Μακεδο-

593 1248 697 1312 νία
742 1246 837 1311 St.
886 1245 963 1310 B.
1029 1248 1325 1312 Μάκεττα
1376 1247 1689 1327 γράφεται
1748 1248 1838 1312 δι’
1895 1247 2042 1312 ἑνὸς
2095 1250 2131 1309 i·
2185 1247 2287 1310 καὶ
2345 1246 2449 1310 διὰ
2504 1245 2624 1310 δύο
2670 1249 2767 1320 τ“τ;
2825 1243 3172 1327 distinguit

594 1348 753 1412 Hes.
801 1350 1036 1415 θυνός
1080 1349 1242 1428 ὁρμή
1289 1371 1328 1411 a
1372 1350 1607 1414 θύννος
1653 1349 1690 1414 ὁ
1736 1350 2009 1428 ὅρκυνος
2064 1369 2212 1411 cum
2260 1348 2415 1412 Arc.
2470 1346 2584 1427 63,
2629 1346 2713 1410 25
2758 1356 2823 1410 et
2871 1346 3021 1428 193,
3070 1344 3168 1426 17,

592 1452 738 1529 περὶ
782 1472 920 1530 μον.
966 1451 1079 1533 33,
1131 1450 1208 1514 15
1251 1474 1314 1516 π.
1362 1453 1600 1531 διχρόν.
1646 1450 1788 1531 287,
1841 1450 1896 1514 1.

760 1551 884 1616 Per
913 1552 1275 1638 simplicem
1305 1574 1653 1616 consonam
1675 1551 1929 1639 profert
1956 1575 2103 1617 cum
2126 1550 2509 1616 Herodiano
2546 1552 2851 1617 Κνωςός
2872 1549 3166 1633 Theogn.

593 1653 704 1734 72,
756 1654 862 1734 10,
911 1655 1195 1734 μάλιον
1242 1677 1389 1719 cum
1434 1654 1666 1719 Choer.
1712 1654 1871 1736 239,
1917 1656 2032 1734 33,
2085 1652 2434 1717 Eustathio
2481 1656 2750 1734 μάλλιον
2797 1651 3168 1717 exhibente.

759 1757 836 1821 In
882 1757 962 1820 iis
996 1755 1365 1838 vocabulis,
1413 1757 1650 1842 quibus
1683 1756 2056 1842 Hesychius
2089 1755 2452 1841 simplicem
2483 1777 2831 1820 consonam
2879 1754 3170 1840 impertit

591 1856 734 1922 aliis
766 1858 1195 1923 Herodianeis
1239 1859 1533 1924 fontibus
1566 1858 1894 1946 duplicem
1924 1858 2412 1945 porrigentibus
2449 1866 2513 1922 et
2541 1867 2799 1938 eontra,
2846 1856 3170 1941 scriptura

591 1982 825 2045 anceps
870 1958 1072 2023 fuisse
1116 1960 1378 2025 videtur
1421 1960 1600 2025 velut
1647 1963 1923 2041 Καβηςός
1968 1959 2152 2040 Hes,
2204 1961 2517 2041 Καβαςςός
2564 1959 2658 2024 St.
2706 1960 2807 2041 B.;
2857 1960 3168 2039 Καρηςςός

594 2061 775 2144 Hes.,
828 2064 1107 2142 Κάρηςος
1152 2061 1229 2125 Il.
1276 2062 1383 2125 Pr.
1433 2065 1496 2127 Μ
1541 2063 1654 2144 2ος
1705 2064 2026 2142 Λυρνηςός
2071 2061 2255 2141 Hes.,
2303 2063 2660 2141 Λυρνηςςός
2706 2060 2799 2126 St.
2847 2061 2948 2140 B.;
2992 2062 3165 2139 Παρ-

589 2165 781 2229 ναςός
823 2164 1007 2245 Hes.,
1064 2166 1436 2244 Παρναςςός
1481 2165 1576 2229 St.
1623 2167 1735 2247 B.;
1786 2166 2163 2244 Μυκαληςός
2208 2164 2402 2243 Hes.,
2453 2165 2865 2243 Μυκαληςςός
2911 2163 3006 2227 St.
3051 2163 3166 2245 B.;

589 2268 896 2347 Περαιβοὶ
951 2267 1146 2346 Hes.,
1203 2268 1550 2347 Περραιβοί
1607 2267 1699 2331 St.
1747 2267 1824 2330 B.
1872 2268 2025 2345 210,
2077 2266 2154 2329 18
2210 2274 2274 2327 et
2316 2264 2474 2347 518,
2519 2266 2591 2346 53
2654 2265 2770 2329 sed
2825 2267 3166 2345 Πὲρραμος

589 2367 747 2432 Hes..
792 2378 866 2432 ut
909 2368 1156 2434 Herod.
1204 2371 1350 2448 περὶ
1393 2376 1621 2435 παθῶν
1679 2368 1744 2432 in
1790 2368 1872 2431 E.
1917 2368 2008 2432 M.
2053 2367 2209 2449 665,
2256 2367 2371 2449 403
2427 2368 2722 2445 νεογιλός
2766 2368 2957 2447 Hes,
3020 2388 3163 2433 νεο-

587 2471 806 2548 γιλλός
860 2472 1017 2534 Are.
1074 2472 1185 2550 54,
1237 2472 1345 2552 15;
1405 2474 1598 2551 ψέλια
1643 2471 1835 2553 Hes,
1894 2472 2167 2550 ψέλλιον
2214 2468 2446 2534 Choer.
2492 2469 2651 2549 279,
2705 2469 2811 2551 123
2862 2470 3163 2547 Κικυννῆς

589 2578 786 2652 δῆμος
841 2573 1000 2637 Hes.
1017 2622 1033 2655 ,
1108 2575 1336 2639 Κίκυνα
1393 2572 1685 2657 Theogn.
1745 2574 1894 2653 101,
1954 2573 2012 2654 73
2066 2573 2473 2651 κιννάμωμον
2531 2571 2727 2651 Hes,
2796 2572 3163 2651 κινάμωμον

588 2674 818 2739 Choer.
864 2676 1019 2757 230,
1072 2676 1181 2759 18,
1227 2677 1637 2759 τιννύμενον,
1683 2677 2032 2759 τίννυςθαι,
2077 2677 2353 2740 τιννύων
2384 2673 2568 2754 HeS.,
2613 2676 2892 2738 τίνυςθαι
2929 2670 3160 2738 Choer.

586 2779 744 2859 265,
805 2779 917 2860 143
966 2781 1178 2845 Γλίςςα
1233 2779 1276 2841 i.
1323 2800 1377 2841 e.
1430 2780 1676 2844 Γλιςςὰς
1719 2778 1910 2861 Hes,
1972 2781 2185 2844 Γλιςᾶς
2242 2776 2476 2841 Choer.
2542 2777 2681 2856 187,
2728 2777 2842 2858 3ος
2898 2778 3165 2855 κίςςηρις

586 2880 745 2944 Hes·
792 2890 983 2944 extra
1026 2881 1353 2963 ordinem,
1400 2882 1630 2960 κίςηρις
1676 2879 1909 2944 Choer.
1956 2881 2104 2959 227,
2150 2879 2253 2961 27,
2302 2878 2419 2942 sed
2466 2882 2654 2959 βῆςςα
2699 2889 2765 2943 et
2809 2882 2974 2956 Βῆςα
3016 2899 3162 2964 pro-

584 2982 798 3067 prium
841 2982 1248 3047 confundens
1294 2983 1542 3069 pariter
1586 2991 1781 3067 atque
1823 2982 2131 3045 Eustath.
2178 2991 2404 3045 contra
2446 2980 2807 3044 Herodiani
2851 2981 3162 3068 praeseri-

584 3094 766 3168 ptum
813 3083 990 3168 apud
1036 3085 1131 3148 St.
1167 3085 1242 3148 B.
1290 3095 1539 3171 peccat.
1631 3085 1709 3146 ln
1753 3081 2081 3147 nonnullis
2130 3084 2393 3148 diversa
2438 3083 2762 3169 scriptura
2806 3106 2841 3146 e
2886 3080 3162 3146 dialecto

587 3185 943 3270 repetenda
995 3185 1284 3250 videtur:
1345 3186 1505 3249 Hes,
1562 3188 1873 3266 γρύλλος,
1929 3196 2005 3250 ut
2060 3186 2375 3252 Schmidt.
2422 3186 2695 3250 adnotat
2754 3209 2837 3250 ex
2881 3184 3159 3249 dialecto

585 3286 922 3367 Eleorum,
969 3286 1122 3351 Are.
1171 3289 1287 3368 52,
1333 3287 1418 3351 24
1459 3292 1714 3368 γρῦλος.
1790 3287 2105 3352 Variasse
2151 3289 2456 3352 videntur
2499 3289 2720 3368 πίφιγξ
2750 3287 2933 3369 Hes,
2980 3287 3160 3368 πίφιξ

586 3386 816 3452 Choer.
864 3387 1019 3468 249,
1067 3387 1181 3472 32;
1228 3391 1478 3471 φάρυγξ
1523 3389 1682 3453 Hes.
1696 3437 1713 3471 ,
1762 3392 1970 3471 φάρυξ
2015 3389 2264 3453 Herod.
2311 3412 2412 3474 ap.
2464 3390 2758 3474 Theogn.
2801 3390 2905 3467 40.
2964 3469 2973 3478 .

751 3489 1023 3554 Praeter
1051 3491 1559 3573 geminationem
1589 3491 1654 3554 in
1685 3513 2114 3556 consonarum
2146 3491 2610 3578 orthographia
2635 3493 2907 3556 mutatio
2940 3513 3161 3555 carum

584 3590 946 3678 quaestioni
991 3591 1291 3657 subiecta
1345 3603 1445 3657 est
1498 3603 1693 3679 atque
1746 3594 2012 3658 diversa
2067 3595 2388 3679 scriptura
2431 3593 2747 3679 Hesychii
2801 3593 2952 3657 inde
3018 3603 3164 3658 orta

585 3692 868 3774 videtur,
927 3694 1098 3779 quod
1143 3694 1284 3779 ipse
1329 3693 1603 3759 alteram
1657 3697 1934 3759 formam
1980 3695 2311 3777 exhibuit,
2372 3694 2485 3759 alii
2530 3695 2893 3761 Herodiani
2942 3718 3159 3760 excer-

581 3807 804 3882 ptores
861 3793 1153 3859 alteram.
1243 3795 1352 3860 Sic
1395 3796 1593 3862 habet
1647 3796 1807 3860 Hes·
1876 3798 2258 3880 ἀδράφαξις,
2324 3798 2477 3861 Are.
2526 3798 2636 3876 92,
2685 3798 2725 3860 3
2781 3798 3159 3878 ἀτράφαξις;

583 3896 743 3961 Hes.
779 3900 1008 3979 βρύκος
1052 3903 1272 3982 κῆρυξ,
1320 3898 1611 3983 Theogn.
1646 3900 1748 3981 76,
1787 3901 1861 3964 17
1911 3903 2145 3981 βρύχος
2191 3901 2227 3965 ὁ
2258 3904 2479 3980 κῆρυξ,
2529 3897 2643 3962 sed
2689 3900 2883 3963 etiam
2913 3898 3159 3964 Herod.

582 4002 727 4078 περὶ
779 4022 920 4080 μον.
970 3999 1080 4081 18,
1125 3999 1205 4062 21
1266 4002 1541 4082 βρυκάνη
1597 4004 1869 4088 praebet
1926 4011 1992 4065 et
2051 4024 2273 4064 rursus
2331 4001 2618 4093 Hesych.
2676 4004 2960 4083 βρύχανα
3016 4002 3159 4066 ςάλ-

582 4125 758 4179 πιγγι
802 4104 1111 4185 καμπύλῃ.
1188 4101 1528 4166 Interdum
1569 4102 1776 4169 altera
1822 4104 2149 4188 scriptura
2191 4104 2435 4168 vitiosa
2477 4113 2578 4167 est
2615 4105 2887 4184 κρυμνός
2930 4105 2968 4183 ἢ
3014 4124 3157 4182 κρυ-

582 4205 697 4283 μός
752 4202 948 4282 Hes.,
1006 4204 1162 4267 Arc.
1217 4203 1329 4282 59,
1374 4204 1453 4267 27
1514 4208 1778 4289 κρυμός,
1847 4204 2019 4290 quod
2067 4205 2386 4272 Schmidt.
2444 4203 2654 4270 solum
2710 4216 2958 4269 rectum
3016 4227 3159 4268 esse

579 4304 853 4387 iudicat3
912 4304 1156 4390 pariter
1209 4309 1388 4387 τιβήν
1434 4329 1537 4392 ap.
1584 4306 1744 4371 Hes.
1801 4319 1869 4372 et
1913 4306 2143 4370 Choer.
2190 4307 2346 4388 265,
2392 4307 2434 4371 5
2489 4317 2864 4393 corruptum
2920 4317 3020 4371 est
3076 4330 3161 4371 ex

580 4409 799 4487 τριβήν
854 4429 960 4492 ap.
1005 4406 1161 4469 Arc.
1208 4407 1276 4486 9,
1329 4408 1424 4471 12.
1527 4407 1659 4474 Sed
1712 4409 1778 4472 in
1842 4407 2138 4495 plurimis
2205 4409 2578 4494 Hesychius
2644 4409 2946 4494 congruit
3012 4432 3159 4473 cum

582 4507 996 4573 Herodiano:
1045 4508 1463 4574 conferantur
1507 4510 1666 4574 Hes.
1715 4513 2036 4593 λάγβατον
2081 4534 2227 4575 cum
2272 4510 2517 4577 Herod.
2574 4514 2643 4576 ἐν
2689 4518 2780 4594 τῷ
2826 4499 3157 4591 περὶςυν-

580 4609 817 4677 τάξεως
878 4633 983 4697 ap.
1041 4609 1136 4673 St.
1193 4610 1270 4674 B.
1330 4633 1382 4673 s.
1442 4613 1822 4695 Ἀγβάτανα,
1889 4614 2187 4695 Νήρικος,
2267 4613 2441 4698 quod
2494 4614 2830 4700 Lupercus
2888 4615 3158 4691 Νήριτος

583 4712 877 4797 scripsit,
932 4735 1080 4776 cum
1122 4712 1234 4796 {St
1280 4713 1380 4793 B.,
1428 4714 1684 4794 Χαλύβη
1742 4724 1806 4776 et
1862 4716 2250 4797 Χαλυβδικός
2292 4714 2451 4794 {eum
2512 4716 2605 4781 St.
2652 4717 2761 4795 B.,
2809 4716 3047 4780 Λύκτος
3094 4723 3160 4777 et

589 4812 813 4880 λύττος
859 4835 1003 4879 eum
1051 4815 1146 4881 St.
1193 4816 1307 4897 B.,
1354 4816 1590 4895 μάρτυς
1635 4824 1700 4878 et
1744 4818 1986 4897 μάρτυρ
2032 4841 2178 4881 cum
2223 4817 2469 4882 Herod.
2513 4840 2618 4903 ap.
2652 4818 2840 4882 Eust.
2876 4817 3017 4898 114,
3054 4817 3154 4897 15,
