3664 5546
1134 386 1292 441 ΠΕΡΙ
1334 386 1726 443 ΚΑΘΟΛΙΚΗ(
1763 388 2187 444 ΠΡΟΕΩιΔΙΑζ
2235 388 2305 442 ΙΕ.
2890 389 3018 454 423

594 559 668 624 Αἱ
724 560 794 624 δὲ
853 560 943 625 εἰς
990 563 1059 624 'oi
1113 565 1189 644 τῇ
1245 558 1419 644 ἑνικῇ
1474 558 1899 625 ἀκολουθοῦςι
1956 559 2170 642 εὐθείᾳ
2222 561 2326 624 καὶ
2377 559 2574 636 αὐτῆς
2629 558 2843 636 ἔχουςι
2897 559 3014 624 τὸν

425 663 655 745 τόνον,
698 660 1044 740 ἄνθρωπος
1087 660 1537 746 ἄνθρωποι,
1583 661 1847 739 πληςίος
1901 660 2245 746 πληςίοι,
2301 661 2472 727 ἱςτός
2525 661 2738 726 ίςτοί,
2828 661 3014 730 ἔνθεν

426 764 556 829 ἀπὸ
604 764 720 842 μὲν
762 766 881 828 τοῦ
927 763 964 829 ὁ
1008 762 1240 843 χρυςός
1284 761 1346 827 οἱ
1392 763 1663 841 χρυςοί
1707 761 2032 846 ὀξύνεται,
2090 761 2222 828 ἀπὸ
2267 764 2339 828 δὲ
2389 767 2507 827 τοῦ
2552 762 2590 827 ὁ
2636 766 2907 841 χρυςοῦς
2952 762 3017 827 οἱ

425 868 757 945 χρουςοῖ
800 869 1208 947 περιςπᾶται,
1253 865 1356 928 καὶ
1399 864 1504 929 ἐπὶ
1545 871 1678 930 τῶν
1724 863 1969 945 ὁμοίων
2014 864 2268 944 ὁμοίως.
2513 939 2518 948 ff

591 967 665 1032 Αἱ
710 969 781 1033 δὲ
827 967 915 1033 εἰς
957 972 1023 1030 ἇῑ
1068 969 1444 1046 μονογενεῖς
1496 967 1611 1046 μὲν
1669 966 1849 1031 οὐςαι
1895 965 1999 1031 ἐπὶ
2047 969 2160 1044 τῆς
2204 965 2398 1044 αὐτῆς
2441 969 2753 1047 ςυλλαβῆς
2796 966 3010 1043 ἔχουςι
3040 979 3072 1028 5

423 1071 541 1136 τὸν
585 1069 784 1135 τόνον
829 1075 906 1151 τῇ
951 1069 1195 1153 εὐθείᾳ,
1254 1069 1504 1147 Μήδεια
1549 1069 1921 1150 Μήδειαι,
1976 1073 2177 1147 μοῦςα
2220 1070 2528 1150 μοῦςαι,
2586 1066 2787 1132 ἄελλα
2833 1066 3012 1131 Ἰόίελ-

427 1175 586 1254 λαι,
631 1170 896 1250 τοξότης
938 1170 1287 1252 τοξόται,
1332 1168 1591 1247 κοχλίας
1634 1169 1973 1251 κοχλίαι,
2017 1168 2264 1234 Αἰνείας
2306 1168 2641 1251 Αίνεῖαι,
2699 1168 3015 1248 Ἀτρείδης

425 1273 847 1354 Ἀτρεῖδαι,
892 1270 948 1336 εἰ
992 1271 1095 1335 καὶ
1137 1271 1218 1350 μὴ
1263 1272 1378 1336 τὸν
1409 1271 1610 1337 αὐτὸν
1655 1272 1761 1335 διὰ
1802 1272 1920 1335 τὸν
1966 1271 2224 1336 κανόνα.
2291 1271 2330 1350 ἡ
2361 1272 2485 1349 γὰρ
2515 1274 2578 1334 'di
2624 1269 2767 1337 ἀντὶ
2794 1274 3013 1349 κοινῆς

426 1373 824 1455 λαμβάνεται.
912 1372 1067 1437 οὐδὲ
1123 1372 1331 1438 ὄντως
1385 1370 1506 1437 οὐν
1562 1373 1826 1438 Ἀττικοὶ
1892 1372 1968 1437 τὸ
2025 1371 2302 1455 αἴτιαι,
2357 1371 2666 1455 ἥμεραι,
2723 1372 3010 1451 εύπρά-

423 1482 613 1559 ξιαι,
656 1475 1021 1554 τιμώριαι
1065 1475 1624 1553 προπαροξύνουςι
1670 1474 1827 1540 οὐδὲ
1871 1475 1946 1539 τὸ
1990 1476 2455 1556 τραγῴδιαι,
2499 1476 2914 1557 κωμῴδιαι.
3049 1485 3115 1536 10

592 1576 667 1640 Αἱ
709 1575 799 1640 εἰς
841 1578 958 1655 τὴν
1000 1577 1067 1639 ἇῑ
1111 1576 1470 1656 δίφθογγον
1518 1576 1821 1654 λήγουςαι
1868 1576 2106 1640 εὐθεῖαι
2151 1579 2283 1640 τῶν
2327 1577 2769 1653 πληθυντικῶν
2814 1596 3010 1654 παρε-

426 1678 902 1759 ςχηματιςμέναι
946 1675 1334 1760 ἀρςενικοῖς,
1379 1677 1495 1742 ἐὰν
1539 1678 1654 1757 μὲν
1697 1676 1848 1742 ῶςιν
1893 1677 2025 1743 ἀπὸ
2069 1683 2201 1742 τῶν
2254 1675 2343 1742 εἰς
2383 1679 2495 1760 δῖ,
2538 1683 2632 1762 τῷ
2673 1678 2849 1762 τόνῳ
2891 1684 3009 1744 τοῦ

422 1779 756 1858 ἀρςενικοῦ
799 1774 1254 1862 ἀκολουθοῦςι,
1309 1780 1592 1845 τουτὲςτι
1631 1781 1744 1856 τῆς
1772 1779 2022 1843 εὐθείας
2048 1784 2181 1843 τῶν
2212 1781 2656 1857 πληθυντικῶν
2683 1784 2803 1845 τοῦ
2845 1779 3010 1845 ἰδίου

423 1881 784 1962 ἀρςενικοῦ,
830 1878 976 1946 οἷον
1006 1879 1284 1945 ποικίλοι
1313 1880 1694 1962 ποικίλαι,
1739 1880 2018 1946 ἐναντίοι
2063 1880 2454 1962 ἐναντίαι,
2500 1881 2694 1961 ςοφοί
2736 1882 3007 1965 ςοφαί,

422 1982 605 2047 καλοί
648 1982 907 2064 καλαί,
953 1981 1179 2047 λίθινοι
1226 1982 1549 2064 λίθιναι,
1604 1982 1854 2061 δρύϊνοι
1898 1983 2248 2066 δρύῖναι,
2304 1980 2472 2059 ἅγιοι
2518 1982 2762 2065 ἅγιαι,
2817 1983 3006 2063 τίμιοι
3045 1994 3108 2045 15

421 2085 699 2166 τίμιαι,
766 2081 993 2147 δίκαιοι
1049 2082 1373 2167 δίκαιαι,
1438 2083 1599 2148 ὅςιοι
1655 2083 1894 2165 ὅςιαι,
1960 2083 2179 2149 Λύκιοι
2233 2083 2502 2149 Λύκιαι
2541 2083 2641 2148 ’τὸ
2705 2085 3005 2163 τριγενὲς.

419 2186 683 2252 Λυκίαι
729 2185 801 2249 δὲ
843 2186 919 2251 τὸ
964 2185 1315 2264 μονογενὲς
1359 2186 1523 2263 πρὸς
1564 2186 1642 2250 τὸ
1685 2184 1911 2250 Λυκία·
1963 2184 2187 2265 ἥμεροι
2245 2184 2555 2267 ἥμεραι,
2612 2185 2888 2264 ἡμέραι
2934 2187 3006 2252 δὲ

421 2408 669 2471 ματικῶς
716 2431 781 2442 -
826 2403 1061 2456 δύναται
1103 2403 1164 2456 δέ
1209 2404 1301 2456 καί
1344 2402 1621 2469 αἰτιατικὴ
1669 2403 1816 2457 εἶναι
1862 2405 2076 2469 θηλυκὴ
2123 2404 2474 2470 πληθυντικὴ
2521 2404 2665 2456 κατὰ
2711 2403 3005 2471 ἀποβολὴν

417 2478 523 2526 τοῦ
562 2477 596 2525 T
630 2473 693 2525 ἑκ
729 2474 833 2523 τοῦ
882 2472 1251 2535 παλιμπετεῖς
1296 2471 1332 2536 ἢ
1378 2475 1630 2537 ςυγκοπῇ
1679 2475 1787 2524 τοῦ
1828 2473 1867 2524 ἃ
1916 2471 2032 2524 ἀπὸ
2076 2475 2180 2524 τοῦ
2228 2471 2613 2537 παλιμπετέας
2660 2471 2872 2536 ὁμοίως
2916 2478 3001 2540 τῷ

420 2540 617 2607 ἐρέτας
653 2538 913 2603 ἐπιτηδὲς
950 2539 1041 2590 καὶ
1077 2537 1275 2591 ἀκλεὲς
1311 2538 1526 2603 αὔτως,
1564 2539 1743 2604 ἤγουν
1778 2539 2012 2592 ἀκλεεῖς.
2083 2541 2148 2590 Ε.
2173 2539 2248 2593 Μ.
2286 2542 2402 2600 366,
2439 2544 2530 2592 2οε
2570 2540 2631 2592 ἐκ
2667 2544 2772 2592 τοῦ
2811 2540 2938 2593 έπιτ
2981 2572 3001 2581 -
3095 2599 3104 2608 .

419 2608 519 2673 δής
571 2603 787 2670 γίνεται
838 2605 874 2668 ἡ
932 2604 1121 2658 εὐθεῖα
1172 2608 1295 2657 τῶν
1340 2608 1740 2672 πληθυντικῶν
1786 2606 2079 2673 ἑπιτηδέες
2124 2606 2432 2673 έπιτηδεῖς·
2480 2609 2572 2660 καὶ
2624 2608 2660 2671 ἡ
2715 2607 2957 2661 αἰτιατικ

419 2673 645 2740 ὁμοίως.
688 2674 778 2728 καί
813 2671 1067 2740 ἀποβολῇ
1104 2676 1207 2725 τοῦ
1247 2676 1280 2725 ἶ
1310 2672 1583 2738 ἐπιτηδές.
1632 2673 1689 2726 ἐς
1725 2674 1784 2725 δ’
1808 2674 2004 2740 ἐρέτας
2040 2674 2301 2740 ἐπίτηδές
2337 2674 2463 2727 ἀντὶ
2486 2678 2591 2728 τοῦ
2630 2674 3000 2742 ἐπιτηδείους.

419 2744 501 2796 δεῖ
537 2740 857 2806 γινώςκειν,
897 2740 995 2794 ὅτε
1033 2740 1135 2806 μὲν
1171 2740 1394 2805 λέγεται
1432 2741 1559 2794 ἑπιτ
1600 2742 1692 2795 δές
1728 2742 1819 2795 καὶ
1845 2741 2046 2809 ἀληθές
2072 2742 2386 2809 ὀξυτόνως,
2425 2743 2681 2808 ὀνόματά
2706 2742 2863 2798 είςιν·
2901 2744 3000 2799 ὅτε

418 2812 479 2864 δὲ
518 2809 843 2876 βαρυτόνω(
880 2807 1268 2875 ἐπίτηδεςκαὶ
1303 2809 1538 2877 ἄληθες,
1608 2810 1929 2877 πιρρήματά
1967 2809 2115 2863 εἰςιν.
2162 2813 2321 2864 Haeo
2357 2815 2541 2864 omnia
2568 2813 2743 2865 d'ebeo
2768 2815 3002 2865 Lohrsio
3085 2836 3088 2837 ⁷

456 2885 632 2931 uaest.
668 2894 754 2943 ep.
791 2893 843 2944 p.
884 2879 1174 2940 138—143,
1216 2878 1309 2943 qui
1345 2880 1563 2930 omnino
1601 2879 1667 2930 de
1704 2880 1810 2931 hac
1848 2896 1906 2930 re
1942 2881 2309 2932 conferendus
2343 2885 2445 2932 est.
2585 2882 2622 2931 1.
2652 2885 2781 2931 1—4
2817 2899 2885 2933 ex
2919 2884 3000 2934 Io.

416 2897 501 2998 21.
537 2944 618 3011 15,
656 2950 718 2998 31
755 2947 964 2997 inserto
1000 2947 1252 3012 exemplo
1290 2943 1520 3011 πληςίος
1555 2944 1779 3011 πληςίοι
1816 2964 1884 2999 ex
1921 2949 2043 3001 Are.
2086 2950 2209 3011 132,
2248 2950 2328 2998 21.
2535 2947 2571 2999 1.
2612 2951 2779 3000 5—10
2817 2965 2884 3000 ex
2918 2951 2997 3004 Ῑο.

417 3016 502 3067 ΑΙ.
540 3016 623 3076 15,
660 3018 729 3065 35
762 3014 990 3065 insertis
1025 3028 1092 3064 ex
1118 3014 1240 3064 Arc.
1271 3016 1386 3078 132,
1410 3016 1502 3066 203:
1541 3013 1592 3066 εί
1627 3016 1718 3067 καὶ
1756 3015 1830 3079 μὴ
1870 3042 1936 3050 —-
1972 3013 2098 3066 ἀντὶ
2135 3017 2325 3080 κοινῆς
2350 3013 2691 3079 λαμβάνεται
2727 3021 2785 3067 et
2821 3032 3000 3068 exem-

455 3084 525 3134 lis
561 3082 760 3146 ἥμεραι
796 3109 861 3116 -
896 3079 1155 3146 τιμώριαι
1191 3097 1259 3135 ex
1298 3084 1409 3140 133,
1446 3086 1478 3134 9
1514 3083 1770 3148 receptis.
1807 3109 1873 3119 —
1911 3083 2120 3134 Similis
2155 3099 2331 3134 canon
2368 3089 2553 3136 exstat
2585 3083 2643 3134 in
2667 3083 2730 3135 11.
2756 3086 2844 3139 Pr.
2875 3083 2912 3137 Ρ
2938 3088 2995 3136 9:

447 3148 731 3215 ϋμμελίαιτ
771 3146 862 3200 ἐπὶ
898 3146 1107 3221 τούτου
1144 3148 1256 3213 πρὸ
1291 3149 1492 3202 τέλους
1536 3147 1573 3213 ἡ
1621 3148 1795 3202 ὀξεῖα·
1843 3148 2107 3212 ὁμοτονεῖ
2152 3150 2259 3215 γὰρ
2303 3154 2422 3203 τοῖς
2469 3149 2670 3203 ἑνικοῑς
2714 3150 2784 3203 τὰ
2829 3148 2907 3202 εἰς
2942 3154 2996 3202 fist

417 3218 668 3281 λήγοντα
705 3215 1055 3281 πληθυντικὰ
1091 3214 1184 3267 ἐπὶ
1217 3218 1342 3268 τῶν
1379 3215 1456 3269 εἰς
1493 3221 1559 3270 (ῖς
1595 3218 1686 3269 καὶ
1723 3216 1802 3270 εἰς
1839 3224 1906 3283 ῆς
1942 3216 2314 3281 ίςοςυλλάβως
2358 3218 2709 3281 κλινομένων
2744 3218 2834 3271 καὶ
2871 3220 2996 3284 βρα-

416 3283 539 3352 χείᾳ
575 3282 1079 3349 παραληγομένων.
1148 3286 1232 3334 De
1268 3282 1439 3336 αἴτιαι
1474 3286 1673 3350 ἥμεραι
1717 3302 1805 3351 ap.
1844 3286 2137 3339 Arcadium
2172 3286 2209 3335 l.
2248 3302 2298 3336 ο.
2343 3286 2600 3352 legimus:
2646 3284 2700 3338 οἱ
2736 3286 2797 3339 δὲ
2836 3286 2996 3353 Ἀθη-

417 3356 563 3403 ναῖοι
589 3349 1126 3417 (προ)παροξύνουςί
1149 3365 1275 3402 τινα
1301 3356 1605 3417 μονογενῆ·
1640 3353 1843 3418 ἥμεραι
1867 3351 2154 3418 εὐπράξιαι
2177 3352 2435 3418 τιμώριαι
2459 3352 2655 3418 αἴτιαι,
2683 3371 2771 3420 ap.
2799 3353 2995 3406 Choer.

415 3422 535 3481 449,
575 3422 663 3469 14:
700 3419 897 3483 ἥμεροι
932 3419 1131 3484 ἥμεραι
1166 3418 1236 3470 τὸ
1271 3420 1523 3484 τριγενὲς
1566 3420 1857 3472 τουτέςτιν
1902 3419 1955 3475 οἱ
1991 3422 2065 3485 μὴ
2101 3420 2305 3486 ἄγριοι·
2352 3420 2445 3473 ἐπὶ
2479 3423 2587 3487 γὰρ
2623 3424 2725 3473 τοῦ
2765 3436 2995 3484 μονογε-

418 3489 552 3538 νοῦς
596 3484 779 3550 ἡμέρα
824 3485 1025 3550 ἡμέραι
1068 3486 1493 3551 παροξυτόνως·
1540 3486 1593 3540 oi
1638 3488 1700 3540 δὲ
1748 3488 2032 3555 Ἀθηναῖοι
2075 3487 2170 3541 ἐπὶ
2214 3487 2426 3555 ταύτης
2471 3492 2576 3554 τῆς
2621 3488 2855 3552 λέξεως,
2905 3491 2994 3542 καί

419 3552 659 3618 μάλιςτα
696 3552 750 3605 οἱ
793 3552 1088 3618 νεώτεροι,
1135 3555 1643 3619 προπαροξύνουςι·
1691 3555 1866 3609 πέντε
1912 3556 2020 3621 γὰρ
2064 3556 2264 3621 ἤμεραι
2311 3557 2402 3608 καὶ
2446 3556 2580 3608 δέκα
2622 3557 2822 3621 ἥμεραι
2859 3558 2994 3621 φαςὶ

416 3617 959 3686 προπαροξυτόνως,
1000 3619 1079 3673 ὡς
1113 3619 1525 3685 ἀπαγγέλλουςι
1561 3621 1614 3675 οἱ
1650 3625 1778 3688 περὶ
1818 3624 2073 3689 Ἀττικῆς
2120 3622 2413 3688 ςυνηθείας
2448 3622 2799 3689 γράψαντες,
2847 3625 2992 3676 unde

413 3705 486 3756 ap
527 3696 652 3741 aret
686 3689 1065 3740 Herodianum
1100 3692 1440 3743 concessisse
1478 3691 1698 3757 quidem
1733 3694 2066 3744 recentiores
2090 3693 2309 3743 Atticos
2340 3690 2509 3745 αἴτιαι
2546 3692 2748 3744 similia
2773 3693 2993 3752 dixisse,

415 3774 475 3808 se
565 3757 811 3807 Atticum
858 3756 961 3807 hoo
1016 3773 1137 3808 esse
1188 3773 1450 3823 negasse,
1508 3774 1735 3824 quorum
1786 3762 1941 3825 prius
1985 3759 2248 3811 Arcadius
2300 3767 2359 3811 et
2404 3759 2673 3814 Choerob.
2724 3761 2994 3819 referunt,

417 3826 692 3890 posterius
734 3825 814 3877 Io.
850 3824 936 3875 Al.
982 3824 1054 3877 of.
1100 3824 1169 3875 ΙΙ.
1204 3826 1293 3876 Pr.
1331 3823 1371 3876 Β
1408 3829 1507 3877 339
1553 3825 1741 3878 οὕτως
1786 3826 2126 3879 ςυνθεςίαι
2171 3841 2246 3879 τε
2290 3826 2369 3879 ὡς
2416 3826 2594 3880 θυςίαι
2637 3842 2723 3879 τε·
2770 3826 2888 3880 &ot
2932 3828 2994 3879 δέ

416 3890 928 3956 προπαροξύνουςι,
968 3888 1245 3945 πταίουςι·
1292 3894 1394 3956 τῆς
1429 3892 1502 3955 γά
1574 3895 2047 3960 μεταγενεςτέρας
2085 3893 2334 3947 Ἀτθίδος
2370 3894 2405 3958 ἡ
2443 3895 2631 3946 τοιᾶδε
2667 3893 2996 3957 ἀνάγνωςις.

416 3958 454 4013 Ε
490 3963 555 4010 64
603 3958 791 4010 οὕτως
837 3954 1120 4024 ἑκηβολίαι
1167 3958 1244 4011 ὡς
1293 3908 1593 4025 εὐςτοχειν
1640 3961 1860 4027 ἔφαμεν
1902 3962 2010 4027 γὰρ
2051 3962 2143 4014 ὅτι
2188 3962 2258 4013 τὸ
2303 3959 2624 4014 ἀναδιδόναι
2669 3962 2775 4013 τὸν
2820 3961 2994 4015 τόνον

416 4026 910 4091 μεταγενεςτέρων
945 4024 1097 4081 ἐςτίν
1134 4026 1438 4093 Ἀττικῶν,
1475 4028 1571 4080 ὅτε
1608 4030 1738 4094 περὶ
1773 4033 1878 4082 τοῦ
1915 4034 2038 4097 «πῇ
2074 4030 2143 4093 δὴ
2182 4026 2495 4083 ςυνθεςίαι»
2533 4029 2599 4095 (Β
2625 4027 2749 4093 339)
2777 4028 2996 4093 διελαμ-

415 4093 673 4158 βάνομεν.
840 4094 879 4144 1.
921 4094 1105 4167 11-71.
1141 4098 1171 4144 6
1206 4111 1333 4161 pag.
1370 4113 1484 4161 seq.
1532 4114 1600 4149 ex
1635 4098 1956 4149 Herodiano
2002 4113 2035 4147 a
2079 4136 2091 4151 .
2138 4097 2335 4150 Choer.
2371 4099 2498 4160 449,
2536 4100 2603 4148 34
2647 4096 2847 4161 (Bekk.
2896 4098 2997 4149 An.

416 4165 568 4225 1255)
610 4159 792 4213 ἰςτέον
828 4160 889 4213 δὲ
926 4160 1013 4213 ὅτι
1050 4161 1085 4213 ὁ
1121 4162 1461 4227 Ἡρωδιανὸς
1498 4162 1560 4215 έν
1595 4169 1667 4230 τῇ
1713 4164 1959 4217 καθόλου
2003 4179 2036 4216 o
2074 4179 2159 4215 τω
2205 4161 2481 4216 κανονίζει
2525 4163 2627 4215 τὰς
2672 4161 2754 4216 εἰς
2795 4165 2904 4229 τὴν
2941 4168 2996 4216 ᾶῑ

414 4227 724 4294 δίφθογγον
776 4227 1052 4294 ληγούςας
1110 4227 1329 4283 εὐθείας
1389 4234 1512 4282 τῶν
1570 4234 1975 4298 πληθυντικῶν
2032 4230 2617 4296 παρεςχηματιςμένας
2675 4230 2995 4296 ἀρςενικοῑς.

414 4298 550 4362 φηςὶ
584 4296 692 4361 γὰρ
725 4296 813 4349 ὅτι
849 4298 967 4348 κτλ.
1005 4322 1067 4333 --
1105 4299 1260 4363 posui
1295 4314 1394 4363 pro
1430 4300 1526 4361 iio,
1575 4317 1714 4366 quae
1751 4302 1809 4351 in
1846 4300 2103 4365 epitomis
2140 4303 2380 4351 exstant.
2450 4299 2610 4365 Apud
2646 4301 2770 4352 Are.
2810 4304 2925 4363 133,
2963 4305 2995 4352 3

413 4362 1180 4485 ξὲξὲἳῦἒέἳαῗῖῡῖὧῗ“ἷέωῗῦ
1221 4363 2276 4497 ἓξεὲῖῶἑίἓεῑᾞύξξέἓξέἒμὲἶὲὲἳὶἶῗι
2310 4364 2645 4499 ἀίῗέἔθέἓς
2661 4366 2994 4499 ὁῗὲἑῗέἇῖἳ·

414 4498 611 4565 ταχέες
646 4503 888 4565 ταχεῖαι,
927 4497 977 4551 εί
1022 4501 1113 4552 καί
1149 4500 1223 4564 μὴ
1260 4500 1365 4551 τὸν
1400 4473 1579 4553 αὐτὸν
1616 4502 1816 4565 τόνον,
1863 4500 2108 4553 ἐναντίοι
2152 4472 2427 4565 ἐναντίαι,
2467 4501 2753 4555 Βυζάντιοι
2792 4474 2994 4556 Βυζάνῖ

414 4580 551 4631 τιαι,
587 4568 784 4633 ἥμεροι
819 4568 1018 4632 ἥμεραι
1062 4568 1133 4620 τὸ
1180 4567 1444 4633 τριγενές.
1514 4569 1713 4634 ἡμέραι
1757 4569 1819 4621 δέ
1863 4569 1933 4621 τὸ
1984 4569 2300 4632 μονογενὲς.
2368 4571 2452 4621 Io.
2485 4571 2574 4622 Al.
2607 4570 2754 4620 hunc
2790 4572 2850 4621 in
2885 4588 2993 4623 mo·

418 4634 567 4684 dum:
607 4636 680 4699 μὴ
718 4636 875 4688 οὖςαι
919 4636 981 4688 δέ
1019 4639 1342 4699 μονογενεῖς
1388 4639 1508 4688 τῶν
1554 4637 1862 4703 ἀρςενικῶν
1908 4636 2090 4701 ἔχουςι
2132 4637 2238 4688 τὸν
2281 4636 2483 4701 τόνον,
2531 4636 2728 4690 δίκαιοι
2771 4636 2991 4701 δίκαιαι,

418 4699 574 4753 καλοί
608 4702 792 4755 καλαί·
828 4703 898 4756 τὸ
936 4704 1039 4768 μὲν
1074 4704 1177 4756 οὖν
1214 4703 1396 4757 δικαία
1441 4705 1841 4771 παροξύνεται,
1887 4705 1958 4757 τὸ
2003 4704 2064 4757 δέ
2105 4703 2306 4758 δίκαιαι
2351 4706 2735 4771 πληθυντικὸν
2782 4705 2994 4769 ὁμοίως
3044 4743 3066 4757 ε

417 4772 501 4833 τῷ
537 4768 733 4822 δίκαιοι
769 4770 1039 4838 ἀρςενικῶ
1077 4773 1589 4837 προπαροξύνεται,
1628 4772 1751 4826 ἐπεὶ
1788 4772 1881 4825 καὶ
1917 4772 1970 4825 οἱ
2005 4774 2217 4838 ἥμεροι.
2240 4800 2306 4810 -
2340 4775 2486 4825 Hine
2520 4775 2556 4827 1.
2586 4776 2648 4825 16
2683 4771 2882 4828 δίκαιοι
2918 4773 2993 4828 δί·

417 4850 562 4889 καιαι
600 4843 657 4889 et
693 4839 728 4892 1.
770 4841 830 4890 17
866 4840 1062 4905 ἥμεροι
1097 4840 1323 4907 ἥμεραι,
1360 4840 1560 4908 ἡμέραι
1596 4840 1658 4895 δὲ
1692 4841 1762 4893 τὸ
1799 4840 2104 4907 μονογενές
2139 4842 2363 4894 inserui.
