3664 5546
1427 407 1844 455 PRAEFATIO.
2654 409 2926 458 CXXXIII

354 563 545 629 dubia
598 563 1133 650 pronunciatione
1187 562 1365 627 illius
1432 561 1673 626 codicis
1740 572 1804 626 et
1869 561 2205 646 utriusque
2265 560 2618 627 Theodosii
2675 575 2739 628 et
2796 565 2923 651 By-

349 665 544 731 zantii
590 675 654 730 et
686 663 1122 729 Alexandrini
1169 664 1255 729 ad
1299 662 1460 729 illud
1491 663 1939 750 excerpendae
1971 661 2348 728 Catholicae
2389 664 2716 749 negotium
2748 665 2924 730 haud

350 779 495 855 apta
554 788 854 854 persona.
903 835 908 843 ,
965 767 1184 847 Quare
1243 765 1557 852 optimum
1617 767 1784 831 duco
1844 766 2171 852 epitomen
2226 765 2633 850 Catholicae,
2696 780 2770 833 ut
2837 769 2921 834 ab

347 868 486 935 aliis
530 868 936 956 compendiis
985 866 1167 934 velut
1211 868 1475 934 Ioannis
1520 867 1956 934 Alexandrini
2001 867 2437 949 discernatur,
2485 869 2607 934 sub
2655 870 2918 935 Arcadii

346 973 597 1037 nomine
628 973 819 1037 etiam
852 971 920 1034 in
951 980 1282 1057 posterum
1313 970 1639 1036 venditari
1672 993 1882 1057 neque
1911 970 2187 1035 Arcadii
2216 993 2450 1035 nomen
2491 994 2529 1036 a
2564 969 2919 1038 Schmidtio

345 1075 406 1139 in
450 1074 668 1139 fronte
713 1071 864 1138 libri
912 1073 1224 1137 omissum
1277 1073 1506 1159 probe.
1605 1073 1940 1158 Proponat
1992 1071 2271 1137 forsitan
2327 1074 2474 1160 quis
2530 1072 2768 1138 librum
2826 1076 2918 1138 in-

346 1176 759 1242 scribendum
827 1178 1276 1257 Ἀριετοδήμου
1349 1176 1613 1255 ἐπιτομὴ
1691 1180 1801 1254 τῆς
1869 1177 2148 1241 καθόλου
2216 1175 2648 1260 Ἡρωδιανοῦ,
2721 1199 2917 1263 quum

343 1277 574 1344 Suidas
624 1300 677 1342 s,
726 1302 787 1341 v.
849 1278 1095 1342 tradat:
1144 1279 1612 1358 Ἀριετόδημοε·
1668 1279 1973 1358 ἐπιτομὴν
2028 1282 2139 1356 τῆς
2196 1279 2474 1343 καθόλου
2519 1278 2917 1359 Ἡρωδιανοῡ

344 1383 584 1461 ἔγραψε
640 1382 804 1461 πρὸ(
859 1379 1128 1445 Δαναόν
1187 1381 1679 1464 (Διογενειανόν
1735 1378 2172 1465 Bernhardy).
2271 1377 2399 1443 Sed
2467 1402 2664 1466 quum
2730 1381 2917 1444 nobis

343 1482 548 1548 adhuc
596 1479 815 1568 plures
864 1482 1187 1567 epitomae
1233 1480 1600 1546 Catholices
1645 1479 1913 1546 relictae
1967 1481 2124 1561 sint,
2184 1480 2455 1545 Arcadii
2512 1481 2622 1568 qui
2682 1482 2921 1546 dicitur

343 1596 401 1648 et
442 1585 713 1649 Ioannis
760 1583 1192 1648 Alexandrini
1238 1592 1304 1648 et
1347 1581 1516 1647 aliae
1562 1583 1881 1669 quaedam
1925 1582 2397 1670 particularum
2441 1585 2659 1667 magni
2704 1584 2915 1669 operis

344 1685 514 1752 velut
558 1690 708 1766 περὶ
751 1687 1194 1767 ἐπιρρημάτων
1238 1687 1306 1749 in
1352 1684 1568 1750 Cram.
1617 1686 1868 1750 Anecd.
1919 1684 2026 1750 III
2070 1684 2438 1763 279—281,
2501 1683 2696 1749 facile
2741 1686 2914 1750 credi

341 1799 550 1875 potest
597 1788 932 1854 exstitisse
977 1787 1305 1872 quondam
1350 1788 1547 1852 etiam
1593 1787 1722 1851 alia
1765 1787 2182 1872 compendia,
2229 1788 2344 1851 sed
2400 1787 2702 1873 periisse,
2748 1789 2919 1854 inter

341 1914 499 1978 quae
541 1890 748 1955 fuerit
792 1891 990 1955 etiam
1033 1889 1458 1956 Aristodemi.

500 1991 776 2058 Arcadii
821 2013 986 2080 qnae
1031 1992 1271 2056 dicitur
1313 1992 1639 2078 epitomen
1682 1991 1981 2079 quamvis
2028 1990 2220 2056 valde
2277 1989 2628 2056 laceratam
2672 2002 2737 2058 et
2780 2016 2912 2057 mu-

343 2094 590 2160 tilatam
645 2103 862 2159 tamen
914 2094 1268 2179 imaginem
1339 2092 1531 2159 solidi
1586 2092 1989 2160 Herodianei
2056 2093 2266 2179 operis
2334 2095 2519 2180 quasi
2584 2095 2912 2181 quandam

340 2196 794 2262 adumbratam
858 2196 1204 2284 praebere,
1285 2219 1365 2260 ex
1445 2218 1522 2260 ea
1594 2195 2125 2285 compositionem
2200 2204 2265 2260 et
2335 2196 2912 2263 conformationem

341 2300 533 2366 totius
583 2300 798 2385 operis
844 2300 1127 2385 perspici
1172 2298 1365 2363 licere
1410 2321 1609 2385 supra
1664 2299 2109 2386 exposuimus,
2200 2297 2559 2362 Herodiani
2602 2321 2915 2384 germana

340 2402 634 2468 doctrina
676 2401 835 2489 quin
877 2401 946 2465 in
992 2422 1069 2464 ea
1113 2400 1300 2466 nobis
1345 2400 1587 2466 tradita
1631 2402 1750 2482 sit,
1808 2400 1877 2463 in
1931 2401 2309 2464 universum
2365 2421 2492 2463 non
2549 2399 2909 2486 dubitatur,

341 2505 447 2569 sed
501 2514 658 2568 sunt
710 2501 1072 2589 particulae
1141 2502 1495 2589 quaedam,
1555 2524 1721 2588 quae
1785 2503 1851 2566 in
1910 2501 2349 2587 suspicionem
2408 2512 2678 2567 vocatae
2737 2514 2909 2569 sunt.

339 2605 606 2672 Librum
653 2604 816 2686 XV,
874 2605 985 2691 qui
1032 2602 1113 2668 de
1171 2613 1440 2669 accentu
1496 2626 1762 2669 casuum
1818 2602 2229 2690 obliquorum
2284 2602 2453 2687 agit,
2510 2601 2909 2674 Schmidtius

340 2707 712 2773 Sedinensis
759 2716 1131 2794 suspectum
1176 2706 1409 2787 habet,
1456 2715 1803 2795 propterea
1830 2706 2002 2793 quo'd
2035 2727 2243 2770 canon
2273 2702 2352 2769 de
2397 2709 2912 2787 (εεημειωμένοιε

339 2835 396 2898 p.
433 2812 572 2892 134,
607 2812 647 2874 6
694 2821 1006 2896 tanquam
1051 2810 1134 2875 ab
1167 2808 1544 2874 Herodiano
1577 2809 1909 2898 profectus
1948 2809 2347 2895 proferatur,
2393 2831 2589 2894 quum
2635 2809 2719 2874 ab
2764 2810 2908 2896 ipso

338 2914 753 3001 impugnatus
821 2914 908 2977 sit
971 2934 1075 2998 ap.
1123 2911 1351 2976 Choer.
1395 2910 1550 2991 454,
1602 2913 1679 2976 13
1744 2922 1809 2977 et
1870 2911 2043 2998 quod
2098 2933 2263 2996 quae
2320 2911 2492 2997 apud
2551 2910 2910 2977 Arcadium

340 3015 674 3100 leguntur,
719 3037 869 3078 cum
899 3013 1350 3079 Choerobosco
1383 3014 1765 3096 concinunt,
1812 3036 2014 3099 quare
2059 3023 2282 3078 censet
2324 3013 2492 3076 hanc
2521 3012 2907 3098 particulam

339 3119 548 3203 potius
607 3140 691 3182 ex
747 3115 1203 3184 Choerobosco
1260 3125 1636 3202 excerptam
1703 3138 1848 3181 esse
1903 3138 2096 3203 quam
2165 3137 2247 3179 ex
2304 3113 2701 3179 Herodiano,
2801 3115 2909 3179 Ad

341 3219 610 3284 Arcadii
655 3220 831 3307 qnod
863 3218 1105 3301 ,attinet
1149 3239 1294 3281 cum
1340 3216 1793 3283 Choerobosco
1839 3217 2364 3303 congruentiam,
2424 3238 2502 3280 ea
2544 3214 2740 3279 facile
2798 3239 2906 3280 ex-

338 3321 545 3407 pediri
590 3332 809 3409 potest
851 3343 926 3385 eo
973 3328 1384 3405 argumento,
1432 3319 1606 3406 quod
1639 3318 2133 3387 Choeroboscus
2179 3330 2244 3385 et
2272 3320 2412 3406 ipse
2442 3318 2687 3404 pariter
2714 3327 2907 3405 atque

342 3425 661 3489 Arcadius
709 3423 1056 3508 exscripsit
1100 3421 1553 3487 Herodianum
1596 3432 1661 3486 et
1705 3422 1978 3488 Arcadii
2020 3421 2135 3488 illa
2177 3423 2261 3488 ab
2307 3422 2680 3487 Herodiano
2726 3422 2906 3487 diffe-

339 3527 542 3591 rentia
585 3526 654 3589 in
699 3548 775 3590 eo
820 3526 1034 3611 posita
1077 3521 1365 3605 videtur,
1424 3524 1596 3611 quod
1644 3525 1968 3589 Arcadius
2025 3524 2442 3610 neglegenter
2498 3525 2907 3612 excerpendo

342 3629 621 3693 obtrusit
652 3626 948 3692 technico
981 3626 1366 3691 sententiam
1398 3626 1481 3691 ab
1513 3647 1587 3693 eo
1619 3627 2056 3713 reprobatam.
2104 3627 2428 3713 Equidem
2460 3628 2517 3691 si
2547 3627 2704 3715 quid
2736 3628 2905 3694 hunc

339 3727 572 3795 librum
604 3738 978 3816 suspectum
1010 3727 1245 3808 reddit,
1278 3728 1343 3792 id
1376 3751 1501 3791 usu
1531 3728 1709 3793 vocis
1744 3730 2123 3810 ὀνομαετική
2147 3728 2524 3794 Herodiano
2556 3731 2907 3796 inusitatae

338 3832 474 3896 fieri
517 3832 709 3897 modo
755 3831 918 3896 dixi.
1005 3830 1346 3896 Caeterum
1391 3829 1475 3894 ad
1521 3830 1926 3896 Catholieam
1971 3832 2564 3897 reconstituendam
2609 3832 2767 3896 haec
2825 3833 2906 3897 de

340 3934 582 4019 origine
627 3932 782 3998 libri
827 3932 959 3997 XV
992 3933 1276 4018 suspicio
1308 3931 1548 3997 nullius
1581 3934 1895 3998 momenti
1942 3944 2042 3999 est
2054 3984 2070 4016 ,
2118 3957 2316 4019 quum
2352 3934 2419 3996 in
2453 3934 2572 3998 hac
2607 3935 2906 3999 doctrina

340 4035 665 4101 meliorem
733 4058 1002 4123 eamque
1068 4035 1206 4101 sine
1273 4035 1472 4100 dubio
1540 4059 1623 4100 ex
1684 4035 2063 4101 Herodiano
2130 4046 2503 4123 excerptam
2581 4036 2905 4122 epitomen

339 4137 598 4203 Ioannis
643 4137 1105 4219 Alexandrini,
1153 4159 1346 4224 quam
1393 4137 1907 4219 substruximuS,
1953 4138 2329 4203 habeamus.

499 4241 855 4306 Praeterea
897 4240 966 4303 in
1011 4239 1360 4304 discrimen
1405 4238 1725 4304 adductae
1771 4250 1924 4304 sunt
1967 4240 2134 4304 duae
2164 4240 2245 4305 de
2290 4240 2513 4304 enclisi
2558 4242 2900 4327 epitomae,

340 4365 607 4428 quarum
671 4342 852 4428 prior
912 4367 973 4428 p.
1025 4341 1176 4422 139,
1229 4343 1258 4403 1
1321 4345 1466 4421 περὶ
1523 4343 1989 4422 ἐγκλινομένων
2049 4344 2288 4422 μορίων
2343 4342 2635 4425 brevior,
2696 4341 2901 4406 altera

341 4467 399 4530 p.
447 4446 598 4528 141,
644 4444 732 4509 20
796 4445 888 4511 ἔτι
953 4446 1099 4523 περὶ
1163 4449 1291 4509 τῶν
1359 4444 1825 4522 ἐγκλινομένων
1895 4443 2168 4530 amplior
2224 4454 2340 4508 est.
2442 4443 2572 4509 Sed
2625 4454 2899 4530 utraque

343 4544 495 4610 nihil
541 4547 860 4629 continet,
907 4544 1081 4632 quod
1124 4545 1207 4610 ab
1253 4544 1611 4611 Herodiani
1654 4544 1735 4608 de
1779 4545 1903 4610 hac
1956 4530 2233 4611 materia
2288 4545 2583 4613 doctrina
2637 4545 2898 4610 aliunde

342 4660 490 4714 nota
533 4649 909 4729 abhorreat,
957 4649 1085 4713 imo
1132 4647 1214 4711 ab
1260 4649 1432 4712 omni
1474 4655 1660 4733 parte
1704 4649 2001 4731 congruit
2028 4648 2387 4713 emendatis
2419 4646 2666 4711 scilicet
2705 4647 2897 4712 libra·

343 4750 577 4814 riorum
633 4752 837 4816 vitiis.
927 4749 1119 4832 Quod
1169 4751 1263 4815 ita
1317 4772 1459 4815 esse
1515 4748 1793 4814 elucebit
1846 4772 1929 4814 ex
1985 4751 2450 4837 compositione
2506 4770 2650 4812 mea
2707 4750 2894 4814 huius

346 4851 639 4917 sectionis
698 4874 844 4916 cum
904 4852 1239 4917 Catholica
1294 4852 1728 4934 cohaerentis,
1798 4854 1866 4917 in
1921 4875 2049 4939 qua
2104 4853 2319 4915 omnia
2373 4852 2632 4915 omnino
2691 4851 2895 4917 Hero·
2958 4840 2961 4845 ¹
