3664 5546
1203 395 1362 451 ΠΕΡΙ
1404 396 1793 453 ΚΑΘΟΛΙΚΗ(
1829 393 2251 453 ΠΡΟΕΩιΔΙΑ(
2299 395 2331 448 Ι.
2932 393 3053 457 241

484 567 563 630 ια’
608 568 696 653 (p.
738 565 908 648 504).
996 568 1261 633 Γονεῖς
1305 569 1491 641 πόλις
1536 569 1783 651 Θρᾴκης
1826 568 1930 633 καὶ
1974 567 2038 633 οἱ
2079 568 2523 633 κατοικοῦντες
2552 563 2808 645 ὁμοίως.
2868 565 3055 629 Γου-

482 670 661 734 νεύς
706 669 743 734 6
788 668 1120 746 ἀπόγονος
1169 670 1422 753 Κύφου,
1470 669 1594 750 ἀφ’
1639 668 1718 735 οὗ
1764 670 1987 735 Γόννοι
2032 670 2217 734 πόλις
2259 668 2655 750 Περραιβίας.
2722 667 3056 732 Διανεῖς

482 771 670 836 ἔθνος
716 771 1086 855 Γαλατικὸν,
1143 772 1591 851 Ἐρατοςθένης
1646 772 1715 836 ἐν
1770 771 1825 836 δ’
1873 773 1911 837 Γ
1913 775 2246 837 αλατικῶν.
2334 770 2678 849 Δωριεῖς
2718 804 2804 817 -
2847 768 2951 833 καὶ
2993 766 3057 833 οἱ

487 872 717 951 Κρῆτες
746 872 1023 951 Δωριεῖς
1054 874 1403 940 ἐκαλοῦντο
1437 872 1764 951 «Δωριέες
1798 894 1867 937 τε
1899 873 2211 952 τριχάϊκες
2244 872 2371 937 δῖοί
2399 893 2466 937 τε
2496 871 2817 948 Πελαςγοί
2839 868 2991 953 (od.
3021 892 3058 935 τ

486 972 664 1057 177),
708 974 854 1053 περὶ
896 973 990 1039 ὧν
1033 974 1270 1054 ἱςτορεῖ
1309 976 1633 1058 Ἄνδρων,
1693 975 1931 1054 Κρητὸς
1988 975 2057 1039 ἐν
2101 982 2177 1061 τῇ
2232 975 2403 1060 νήςῳ
2450 975 2895 1054 βαςιλεύοντος
2938 973 3052 1038 Τέ-
3082 979 3115 1039 5

483 1096 729 1156 κταφον
774 1076 889 1141 τὸν
932 1077 1174 1156 Δώρου
1219 1080 1335 1142 τοῦ
1379 1078 1721 1160 Ἕλληνος,
1766 1076 2130 1156 ὁρμήςαντα
2173 1076 2243 1142 ἐκ
2284 1080 2396 1156 τῆς
2441 1077 2511 1142 ἐν
2558 1076 2867 1160 Θετταλίᾳ
2910 1075 3057 1140 τότε

383 1216 392 1223 -
483 1179 596 1257 μὲν
651 1178 950 1257 Δωρίδος
1003 1182 1122 1244 νῦν
1177 1180 1249 1243 δὲ
1304 1178 1735 1244 Ἱςτιαιώτιδος
1788 1179 2214 1261 καλουμένης,
2280 1178 2610 1260 ἀφικέςθαι
2666 1177 2755 1243 εἰς
2815 1178 3059 1257 Κρήτην

484 1279 638 1358 μετὰ
680 1280 993 1358 Δωριέων
1037 1300 1106 1346 τε
1161 1282 1264 1345 καὶ
1307 1281 1574 1360 Ἀχαιῶν
1629 1282 1733 1346 καὶ
1773 1281 2126 1356 Πελαςγῶν
2180 1285 2310 1346 τῶν
2365 1281 2485 1347 οὐκ
2537 1279 2926 1363 ἀπαράντων
2971 1278 3061 1344 εἰς

483 1380 855 1460 Τυρρηνίαν.
927 1382 1276 1449 Ἐλαιεύς
1321 1388 1518 1464 δῆμος
1563 1386 1673 1462 τῆς
1716 1382 2249 1448 Ἱπποθοωντίδος
2294 1386 2534 1465 φυλῆς,
2585 1383 2675 1447 ὡς
2719 1380 3058 1447 Διόνυςος.

482 1482 823 1561 Διόδωρος
853 1485 920 1548 δ’
951 1484 1249 1550 Ἐλαιοῦς.
1308 1484 1892 1566 Ἑρμοτυμβιεῖς
1938 1488 2130 1564 μοῖρα
2159 1489 2288 1549 τῶν
2319 1485 2604 1564 μαχίμων
2635 1484 2706 1549 ἐν
2738 1483 3056 1568 Αἰγύπτῳ,
3094 1487 3161 1539 10

489 1586 577 1650 ὡς
622 1585 1065 1665 Ἀριςταγόρας
1109 1588 1181 1652 ἐν
1224 1586 1665 1664 Αἰγυπτιακῶν
1710 1587 1948 1672 πρώτῃ.
2037 1587 2361 1652 Ἐταιεῖς
2414 1586 2520 1652 διὰ
2564 1586 2922 1666 διφθόγγου
2970 1585 3060 1650 ὡς

485 1689 873 1753 Διπαιεῖς.
959 1687 1084 1754 ἔςτι
1150 1691 1223 1755 δὲ
1286 1690 1472 1755 πόλις
1526 1689 1870 1767 Λακωνική.
1958 1689 2242 1769 Ἰμφεῖς
2308 1688 2497 1754 ἔθνος
2560 1689 2870 1768 προςεχὲς
2922 1689 3062 1752 τοῖς

484 1790 885 1870 Περραιβοῖς.
951 1790 1272 1857 Ἑκαταῖος
1313 1791 1583 1874 Εὐρώπῃ
1629 1791 1929 1875 «Ἰμφέες,
1973 1790 2379 1872 Περραιβοί».
2434 1791 2756 1855 Ἰουλεῖς
2801 1789 2863 1855 οἱ
2905 1789 3060 1855 Ῥω-

487 1896 660 1971 μαῖοι
705 1891 836 1957 ἀπὸ
882 1893 1211 1977 βαςιλέως,
1256 1892 1381 1974 ἀφ’
1426 1891 1506 1957 οὗ
1548 1894 1651 1957 καὶ
1693 1892 1731 1957 6
1775 1893 1931 1977 μήν,
1975 1892 2014 1971 ἢ
2060 1892 2192 1958 ἀπὸ
2236 1892 2555 1958 Ἰουλίδος.
2646 1891 3059 1973 Καφαρεύς

488 1994 768 2059 ἐπίνειον
824 1993 1118 2078 Εὐβοίας,
1183 1995 1350 2060 δςτις
1419 1995 1736 2075 Καθηρεύς
1801 1995 2123 2078 ἐκαλεῖτο,
2187 1994 2286 2060 ὅτι
2351 1994 2505 2060 τοὺς
2559 1995 2878 2061 πλέοντας
2932 1994 3063 2059 ἐκεῖ
3098 2000 3159 2053 15

487 2097 806 2179 καθῄρουν
853 2095 914 2160 οἱ
958 2096 1255 2177 Εὐβοιεῖς.
1342 2097 1701 2177 Λητωεύς
1746 2100 1947 2177 δῆμος
1998 2098 2069 2162 ἐν
2116 2096 2582 2180 Ἀλεξανδρείᾳ,
2639 2096 2728 2162 ὡς
2776 2096 3058 2177 Τρύφων

488 2197 557 2262 ἐν
613 2204 705 2283 τῷ
758 2199 902 2276 περὶ
956 2199 1395 2281 παρωνύμων,
1450 2199 1546 2263 ὅτι
1600 2199 1776 2278 παρὰ
1829 2200 1907 2264 τὸ
1951 2199 2210 2283 Λητῷος
2259 2199 2551 2278 κτητικόν
2609 2200 3056 2278 ςχηματίζεται.

489 2299 838 2365 Μαλιεύς
878 2300 1065 2367 πόλις
1110 2300 1447 2381 ἐπώνυμος
1488 2304 1619 2366 τῶν
1654 2301 1956 2366 Μαλιέων
2000 2299 2130 2366 ἀπὸ
2175 2300 2406 2365 Μάλου
2448 2303 2567 2365 τοῦ
2599 2300 3059 2381 Ἀμφικτύονος

486 2400 630 2465 υἱοῦ
682 2402 722 2478 ἢ
767 2402 1041 2481 Ἀμύρου
1103 2406 1220 2467 τοῦ
1278 2404 1580 2468 Βοιωτοῦ.
1682 2404 2024 2482 Μωριεῖς
2078 2402 2267 2468 ἔθνος
2328 2404 2587 2469 Ἰνδικὸν
2648 2403 2718 2468 ἐν
2782 2402 3059 2469 ξυλίνοις

488 2502 812 2568 οἰκοῦντες
856 2501 1092 2585 οἴκοις,
1148 2504 1238 2569 ὡς
1282 2504 1637 2584 Εὐφορίων.
1726 2504 2034 2569 Ῥοπεῖς
2091 2505 2309 2588 ἔθνος,
2366 2503 2446 2570 οὗ
2491 2504 2792 2585 μέμνηται
2835 2503 3059 2584 Φαβω-
3095 2509 3164 2561 20

490 2606 668 2681 ρῖνος
723 2604 793 2668 ἐν
851 2604 1114 2688 ἐπιτομῇ
1171 2604 1227 2669 δ’
1269 2608 1380 2683 τῆς
1421 2606 1778 2686 Παμφίλης.
1868 2605 2312 2684 Εαλγανεύς
2370 2607 2563 2686 «μετὰ
2615 2609 2730 2686 τὴν
2786 2606 3061 2671 Χαλκίδα

491 2704 654 2773 ἑςτὶν
699 2704 737 2770 6
783 2704 1140 2782 Εαλγανεὺς
1184 2707 1518 2773 ςυνάπτων
1562 2714 1654 2791 τῷ
1699 2707 2008 2793 Εὐρίπῳ».
2090 2707 2468 2789 Εχοινεύς
2510 2709 2797 2789 ποταμὸς
2843 2708 3058 2787 Ἀρκα-

492 2806 629 2872 δίας
673 2806 803 2873 ἀπὸ
850 2806 1162 2886 Εχοινέυῡς
1204 2814 1322 2873 τοῦ
1366 2809 1771 2890 Ἀθάμαντος.
1859 2810 2157 2890 Τομεύς
2201 2803 2389 2876 πόλις
2432 2811 2597 2890 πρὸς
2639 2817 2717 2895 τῇ
2762 2810 3058 2892 Ὀδηςςῷ.

493 2907 788 2991 (τράβων
842 2909 1076 2995 ἑβδόμῃ
1131 2912 1224 2997 (p.
1270 2910 1442 2995 318).
1520 2911 1857 2993 ὠνομάςθη
1913 2915 1985 2978 δὲ
2041 2913 2248 2979 οὕτως
2292 2913 2398 2978 διὰ
2439 2913 2515 2977 τὸ
2558 2910 2888 2992 Ἄψυρτον
2943 2912 3060 2976 τὸν

486 3011 719 3090 Αἰήτου
761 3010 903 3076 υἱὸν
949 3013 1076 3077 ὑπὸ
1120 3012 1400 3091 Μηδείας
1453 3015 1555 3079 καὶ
1597 3013 1874 3080 Ἰάςονος
1931 3015 2000 3080 ἐν
2054 3022 2130 3101 τῇ
2183 3022 2357 3100 φυγῇ
2402 3015 2530 3079 ἐκεῖ
2573 3016 3055 3095 κατατμηθῆναι.
3093 3022 3159 3072 25

487 3112 791 3177 Ὑλλεῖς
835 3113 1025 3180 ἔθνος
1068 3114 1476 3198 Λιβυρνικόν,
1533 3115 1666 3181 ἀπὸ
1710 3117 1959 3182 Ὕλλου
2012 3121 2129 3182 τοῦ
2173 3116 2558 3195 Ἡρακλέους
2612 3117 2715 3182 καὶ
2763 3114 3061 3196 Δηϊανεί-

487 3236 616 3293 ρας.
661 3214 786 3281 ἔςτι
832 3217 902 3280 δὲ
950 3217 1039 3282 ὡς
1070 3215 1297 3282 Φῶκος
1326 3217 1618 3302 Φωκεύς,
1661 3217 1896 3285 Αἴολος
1926 3218 2222 3301 Αἰολεύς,
2269 3218 2477 3284 οὕτως
2504 3219 2747 3304 Ὕλλος
2777 3217 3060 3283 Ὑλλεύς.

486 3319 588 3382 καὶ
639 3317 903 3382 Ὑλλεύς
957 3317 994 3382 6
1053 3319 1331 3399 φυλέτης
1390 3322 1598 3400 φυλῆς
1649 3321 1924 3398 Ἄργους
1982 3322 2085 3385 καὶ
2138 3321 2451 3401 Δωριέων
2517 3322 2620 3385 καὶ
2671 3320 3060 3400 Τροιζηνίων

486 3417 795 3483 Ὑλλίδος.
872 3419 1082 3498 Χάραξ
1127 3420 1181 3484 θ’
1230 3421 1370 3484 «καὶ
1412 3420 1786 3502 Παμφύλιοι
1832 3423 1934 3486 καὶ
1977 3421 2285 3488 Ὑλλεῖς».
2359 3421 2707 3488 Φελλεύς
2751 3421 2906 3501 ὄρος
2948 3424 3062 3499 τῆς

487 3519 776 3602 Ἀττικῆς.
862 3520 1025 3599 τάχα
1089 3521 1153 3585 δ’
1214 3523 1293 3586 ού
1359 3522 1556 3603 μόνης
1612 3527 1723 3602 τῆς
1782 3523 2087 3608 Ἀττικῆς,
2155 3523 2322 3589 ἀλλὰ
2381 3524 2625 3590 παντός
2678 3545 2796 3589 του
2851 3523 3059 3588 τόπου
3095 3530 3163 3583 30

488 3619 756 3699 ἔχοντος
799 3620 1110 3699 ἐπιπολῆς
1151 3624 1265 3702 μὲν
1299 3625 1549 3703 πέτραν
1593 3625 1723 3691 ὑπὸ
1765 3626 1999 3706 ταύτης
2044 3628 2115 3691 δὲ
2157 3631 2278 3716 γῇν
2325 3627 2598 3711 λιπαρὰν
2643 3627 2807 3705 πρὸς
2851 3625 3058 3690 ἐλαιο-

487 3722 733 3804 φυτίαν,
822 3716 1431 3806 Φηγαιεῖςδῆμος
1475 3731 1585 3807 τῆς
1629 3728 2060 3793 Πανδιονίδος
2116 3732 2339 3810 φυλῆς.
2427 3728 2726 3807 Φηγεύς
2783 3727 2821 3792 6
2873 3727 3057 3792 ἀδελ-

485 3826 614 3906 φὸς
672 3829 789 3890 τοῦ
843 3824 1232 3910 Φορωνέως,
1298 3828 1371 3893 ὃς
1439 3828 1636 3894 ἔκτιςε
1692 3829 1884 3895 πόλιν
1952 3821 2246 3909 Φήγειαν.
2346 3829 2630 3895 Φλυεῖς
2685 3832 2883 3909 δῆμος
2947 3832 3058 3906 τῆς

489 3928 874 4007 Κεκροπίδος
917 3932 1143 4008 φυλῆς.
1230 3927 1512 3996 Ὠτιεῖς
1556 3933 1747 4012 μοῖρα
1795 3931 2104 4011 Κυπρίων.
2177 3932 2460 4013 Ἐφορος
2515 3932 2592 4010 ιη’
2639 3931 3058 4011 «Αμαθούςιοι

484 4032 555 4095 δὲ
597 4031 702 4094 καὶ
744 4029 955 4096 Εόλιοι
998 4032 1101 4095 καὶ
1143 4029 1367 4098 Ὠτιεῖς
1423 4032 1802 4112 ἀντέχοντες
1855 4034 1947 4099 ἔτι
2002 4041 2094 4118 τῷ
2147 4035 2412 4120 πολέμῳ
2426 4059 2470 4097 ».
2516 4069 2599 4079 —
2646 4032 2944 4097 αἰολικῶς
2987 4031 3059 4094 δὲ
3095 4037 3158 4088 35

486 4133 847 4213 βαρύνεται·
911 4133 1194 4199 Αἰολέων
1272 4135 1395 4213 γὰρ
1459 4134 1626 4201 ἴδιον
1691 4138 1766 4200 τὸ
1836 4140 2240 4219 βαρυτονεῖν,
2301 4137 2651 4218 Ἄτρευς,
2722 4134 3058 4215 Πήλευς,

482 4236 748 4315 Ἄρευς
791 4236 947 4314 παρ’
992 4235 1274 4320 Ἀλκαίῳ.

489 4376 544 4401 ’.-

619 4492 653 4541 l
691 4496 755 4544 36
792 4494 963 4544 verba
998 4488 1251 4545 Αἰολέων
1286 4492 1391 4557 γὰρ
1425 4490 1568 4544 ἴδιον
1603 4493 1673 4545 τὸ
1711 4494 2039 4559 βαρυτονεῖν
2077 4508 2143 4541 ex
2180 4491 2429 4541 Eustath.
2467 4491 2586 4550 528,
2622 4492 2706 4546 24,
2744 4506 2812 4540 ex
2848 4503 2953 4554 quo
2988 4487 3059 4537 ad

486 4556 695 4624 Αρευς
719 4560 906 4611 addidi
949 4561 1114 4612 etiam
1163 4562 1302 4626 παρ’
1341 4559 1608 4628 Αλκαίῳ,
1656 4562 1903 4626 exempla
1938 4560 2041 4613 Ἀτ
2080 4573 2172 4611 ευς
2220 4557 2445 4621 Πήλευς
2491 4557 2696 4621 sumpsi
2743 4573 2809 4606 ex
2854 4556 3057 4609 Herod.

489 4627 543 4677 in
587 4631 684 4679 An.
731 4628 832 4679 Ox.
874 4630 956 4681 ΙΙΙ
1000 4631 1126 4690 422,
1175 4630 1433 4682 Favorin.
1485 4612 1605 4689 125,
1651 4633 1718 4681 30
1761 4629 1956 4692 Ἄρης·
2005 4642 2030 4680 ε
2069 4629 2192 4679 θεῖα
2230 4623 2457 4692 Ὁμήρῳ
2503 4622 2744 4688 ἄρρητος
2792 4623 2823 4676 6
2860 4624 3060 4688 Ἄρευς

490 4693 738 4761 Αἰολική,
778 4695 856 4749 ὡς
891 4697 980 4748 καὶ
1019 4696 1346 4762 Ἠριυδιανῷ
1383 4696 1550 4748 δοκεῖ.
1608 4698 1670 4747 E.
1709 4699 1781 4746 Μ.
1820 4699 1934 4757 189,
1970 4700 2056 4748 46.
2130 4696 2406 4746 Canonem
2482 4691 2757 4744 eneralem
2796 4693 2863 4743 de
2901 4693 3061 4757 bary-

489 4766 662 4815 tonesi
706 4765 932 4816 Aeolum
977 4782 1113 4833 prop
1080 4768 1235 4831 ponit
1283 4766 1474 4815 Choer.
1518 4768 1647 4824 333
1693 4767 1783 4815 26:
1838 4765 1987 4815 πᾶςα
2032 4763 2173 4816 λέξις
2218 4761 2364 4826 ὑπὲρ
2412 4775 2540 4824 μαν
2587 4760 2865 4825 ςυλλαβὴν
2910 4758 3055 4823 παρ

489 4827 620 4892 ἡμῖν
653 4831 959 4899 ὀξυνομένη
998 4832 1152 4898 παρὰ
1186 4836 1303 4884 τοῖς
1330 4829 1581 4884 Αίολεῦςι
1620 4804 1915 4897 βαρύνεται
1949 4829 2073 4884 οἷον
2101 4828 2329 4895 Ἀτρεύς
2353 4828 2614 4894 Ἀτρευς,
2653 4827 2828 4892 ςοφός
2864 4827 3057 4892 ςόφος,

491 4898 655 4961 χωρὶς
699 4901 820 4951 τῶν
866 4900 1191 4967 προθέςεων
1246 4900 1337 4952 καὶ
1385 4898 1722 4963 ςυνδέςμων·
1772 4899 1866 4951 ἐπὶ
1909 4899 2014 4965 γὰρ
2059 4898 2284 4951 τούτων
2330 4895 2676 4962 φυλάττουςι
2718 4895 2828 4960 τὴν
2874 4895 3061 4948 ὀξεῖαν

559 5015 930 5054 πειουυιιινε.
968 5004 1012 5052 Ι.
1227 5013 1236 5018 ·
2574 4980 2652 5043 16
