3664 5546
1184 323 1343 378 ΠΕΡΙ
1384 322 1775 378 ΚΑΘΟΛΙΚΗ(
1812 320 2237 376 ΠΡΟΕΩιΔΙΑ(
2277 322 2347 375 ΙΓ.
2930 321 3057 386 383

465 492 848 572 Δρέπανα
892 492 1081 556 πόλις
1126 491 1418 556 (ικελίας.
1488 490 1634 579 ,ἔς-,ιι
1679 492 1783 556 καὶ
1824 490 2179 568 Δρέπανον
2235 488 2421 554 πόλις
2464 489 2711 581 Λιβύης.
2799 488 2912 554 εἰςὶ
2955 490 3058 554 καὶ

467 594 646 672 νηςία
690 593 810 658 δύο
857 593 1031 672 παρὰ
1075 592 1399 672 Λέβινθον.
1487 593 1821 659 ’Ἑδδανα
1874 591 2060 657 πόλις
2104 593 2268 670 πρὸς
2318 597 2410 674 τῷ
2456 590 2787 673 Εὐφράτῃ,
2847 611 3055 655 κατοι·

467 694 571 759 κία
612 677 963 774 Φοινίκων,
1009 691 1140 757 ἀπὸ
1187 694 1494 757 Ἐδδανοῦ
1537 692 1870 772 ἡγεμόνος.
1931 692 2218 756 Ἄδανα
2265 692 2505 756 Κίλιςςα
2549 692 2752 755 πόλις.
2819 692 3056 770 ταύτην

470 796 692 879 ᾤκιςεν
736 796 1014 859 ’Ἀδανος
1057 794 1161 856 καὶ
1205 791 1438 875 (άρος,
1484 794 1786 870 Ταρςεῦςι
1830 793 2304 872 πολεμήςαντες
2346 793 2449 857 καὶ
2495 792 2896 875 ἡττηθέντες,
2942 791 3057 872 ἀφ’

468 896 561 961 ὧν
606 896 644 973 ῆ
690 895 878 959 πόλις
920 893 1054 958 ἀπὸ
1099 897 1215 958 τοῦ
1258 893 1575 973 ἡγεμόνος
1619 895 1876 958 Ἄδανα.
1950 895 2247 973 Ὅμανα
2289 893 2475 958 πόλις
2517 896 2628 970 τῆς
2673 894 3054 973 εὐδαίμονος
3082 907 3115 957 5

470 996 772 1076 Ἀραβίας.
865 997 1140 1059 Γλαῦκος
1196 995 1476 1078 δευτέρῳ
1534 994 1861 1074 Ἀραβικῆς
1918 994 2390 1073 ἀρχαιολογίας.
2476 994 2541 1057 Π
2554 996 2818 1074 ρώανα
2871 996 3058 1059 πόλις

470 1098 830 1175 Θεςςαλική.
918 1095 1258 1162 Ταξίανα
1310 1099 1504 1173 νῆςος
1558 1096 1704 1172 περὶ
1747 1096 1865 1160 τὸν
1913 1096 2195 1173 Πηλώδη
2240 1096 2486 1159 κόλπον
2542 1099 2654 1173 τῆς
2699 1095 3055 1174 (ουςιανῆς.

469 1200 760 1263 Τίτανα
805 1197 1044 1275 χωρίον
1088 1199 1201 1272 τῆς
1246 1194 1601 1261 (ικυωνίας.
1656 1196 1918 1270 -λέγεται
1963 1197 2066 1260 καὶ
2109 1196 2331 1260 ἑνικῶς
2378 1195 2708 1261 «Τιτάνοιό
2750 1218 2818 1261 τε
2865 1198 3056 1262 λευκὰ

470 1300 751 1378 κάρηνα»
799 1299 875 1380 (Β
922 1295 1089 1377 735).
1170 1295 1430 1361 Τύανα
1473 1297 1659 1362 πόλις
1704 1298 1852 1376 μέςη
1902 1297 2170 1361 Κιλικίας
2214 1299 2316 1362 καὶ
2364 1297 2811 1362 Καππαδοκίας
2856 1298 3056 1362 «ὑπο-

471 1402 842 1466 πεπτωκυῖα
885 1404 977 1481 τῷ
1006 1397 1239 1481 Ταύρῳ
1282 1404 1373 1482 τῷ
1419 1399 1576 1463 κατὰ
1618 1399 1733 1463 τὰς
1768 1398 2038 1462 Κιλικίας
2081 1396 2346 1462 πύλας».
2400 1398 2688 1462 ἐκαλεῖτο
2734 1401 2806 1463 δὲ
2836 1398 3057 1462 Θόανα
3096 1414 3161 1465 lo

472 1505 575 1566 καὶ
616 1501 777 1565 κατὰ
822 1499 1465 1577 παραγραμματιςμὸν
1510 1497 1760 1580 Τύανα,
1818 1499 1909 1563 ὡς
1951 1499 2294 1578 Ἀρριανός.
2351 1499 2478 1562 ἔςτι
2535 1500 2636 1563 καὶ
2676 1498 2893 1564 Τύανα
2938 1500 3056 1563 πό-

474 1607 568 1667 λις
609 1601 949 1677 Αἰγύπτου.
1036 1598 1342 1662 Ὕπανα
1398 1599 1607 1663 πόλις-
1639 1603 1752 1677 τῆς
1803 1599 2186 1682 Τριφυλίας,
2243 1601 2333 1665 ὡς
2374 1601 2702 1681 Πολύβιος
2755 1602 3054 1685 τετάρτῳ.

471 1704 810 1767 Ὕςκανα
884 1702 1070 1765 πόλις
1136 1700 1519 1778 Ἰλλυρίδος·
1594 1700 1922 1780 Πολύβιος
1981 1700 2054 1779 η’.
2165 1701 2451 1779 (ίμανα
2515 1701 2702 1766 πόλις
2765 1703 3056 1767 Βιθυνίας

472 1804 701 1884 μεταξὺ
757 1803 877 1867 δύο
934 1804 1259 1879 ποταμῶν.
1358 1801 1721 1865 Ἀίλανον
1775 1803 1962 1866 πόλις
2016 1803 2319 1882 Ἀραβίας.
2419 1802 2668 1878 λέγεται
2732 1804 2835 1867 καὶ
2897 1807 3055 1880 πλη-

472 1908 779 1975 θυντικῶς
834 1904 1107 1968 Ἀῑλανα.
1205 1902 1538 1981 ’Ἀμανον
1596 1901 1752 1980 ὄρος
1807 1905 1973 1981 πρὸς
2028 1911 2104 1986 τῇ
2154 1903 2386 1985 Κιλικίᾳ
2441 1902 2574 1967 ἀπὸ
2627 1908 2744 1968 τοῦ
2799 1903 3055 1982 Ταύρου
3101 1923 3157 1973 15

471 2008 767 2082 καθῆκον.
867 2003 1179 2080 ἱςτοροῦςι
1236 2003 1305 2065 δὲ
1363 2002 1480 2066 τὸν
1526 2001 1823 2081 Ὀρέςτην
1880 2004 2011 2068 ἀπὸ
2068 2004 2338 2082 Ταύρων
2396 2005 2506 2069 ςὺν
2552 2006 2885 2089 Ἰφιγενείᾳ
2937 2008 3052 2083 τὴν

468 2108 761 2185 Ἄρτεμιν
805 2104 1145 2184 κομίςαντα
1188 2103 1258 2168 ἐν
1304 2104 1513 2187 τούτῳ
1552 2110 1644 2187 τῷ
1688 2103 1824 2182 ὄρει
1859 2108 1971 2183 τῆς
2015 2106 2238 2184 μανίας
2273 2105 2448 2168 λύςιν
2494 2106 2723 2183 εὑρεῖν.
2784 2106 2908 2171 ἔςτι
2952 2108 3056 2170 καὶ

469 2207 813 2285 ’Άμμανα
856 2205 1042 2269 πόλις
1074 2204 1296 2284 (υρίας
1338 2205 1376 2282 ἡ
1423 2205 1686 2283 ὕςτερον
1716 2204 2166 2285 Φιλαδέλφεια.
2233 2205 2672 2282 Βαγίςτανα
2714 2208 2901 2272 πόλις
2944 2211 3055 2286 τῆς

473 2308 720 2386 Μηδίας
765 2307 867 2371 καὶ
911 2305 1066 2384 ὄρος
1099 2306 1503 2383 Βαγίςτανον.
1566 2307 1923 2385 Κάρβανα
1965 2308 2152 2371 πόλις
2182 2308 2423 2372 Λυκίας.
2469 2307 3055 2388 Ῥαββατάμανα

470 2409 656 2479 πόλις
709 2410 822 2484 τῆς
878 2406 1133 2484 ὀρεινῆς
1188 2407 1488 2486 Ἀραβίας.
1590 2406 1874 2485 (ίμηνα
1928 2407 2114 2472 πόλις
2178 2408 2437 2491 Λυκίας,
2504 2408 2813 2486 Τύμηνα
2877 2411 3052 2489 κώμη
3091 2432 3159 2481 20

470 2510 713 2574 Λυκίας.
802 2508 1032 2586 ἐκλήθη
1091 2510 1162 2571 δὲ
1216 2506 1346 2587 ἀπό
1391 2528 1566 2573 τινος
1610 2508 1853 2587 τράγου
1910 2510 2115 2573 οὕτως
2160 2509 2677 2591 ὀνομαζομένου,
2734 2512 2806 2574 ὃς
2849 2510 3053 2574 ἀπαλ-

472 2611 854 2689 λαςςόμενος
920 2608 1051 2672 ἀπὸ
1115 2612 1232 2672 τοῦ
1297 2608 1597 2673 αἰπολίου
1664 2610 1896 2687 ἤρχετο
1962 2612 2078 2676 τὸν
2136 2612 2422 2687 πώγωνα
2482 2610 2930 2693 βεβρεγμένος,
2998 2613 3051 2695 ᾧ

471 2710 1138 2788 κατακολουθήςαντες
1182 2707 1375 2787 εὖρον
1421 2712 1630 2790 πηγὴν
1676 2710 1748 2775 ἔν
1792 2732 1915 2776 τινι
1961 2711 2180 2796 λόχμῃ.
2237 2714 2337 2778 καὶ
2381 2712 2616 2790 ταύτην
2663 2713 2765 2777 καὶ
2807 2714 2882 2777 τὸ
2920 2733 3052 2792 χω-

472 2813 612 2890 ρίον
658 2811 831 2877 οὕτω
875 2812 1146 2875 καλέςαι.
1202 2811 1590 2892 Ἀρίμινον
1636 2812 1820 2877 πόλις
1865 2813 2138 2878 Ἰταλίας.
2184 2814 2309 2878 ἔςτι
2355 2816 2455 2878 καὶ
2499 2815 2799 2893 ποταμός.
2869 2816 3054 2894 Βέμ-

473 2920 696 2993 βινον
740 2912 929 2977 πόλις
971 2916 1082 2990 τῆς
1114 2912 1388 2995 Νεμέας,
1435 2914 1525 2978 ὡς
1568 2914 1961 2997 Ἑλλάνικος,
2007 2914 2193 2979 ἄλλοι
2239 2917 2310 2979 δὲ
2342 2915 2651 2994 Βέμβιναν
2695 2916 2798 2979 καὶ
2837 2917 3053 2994 κώμην
3090 2938 3152 2986 25,

471 3016 679 3094 φαςίν.
770 3014 1247 3094 Ἀβρότονον
1292 3014 1498 3079 Λύκος
1551 3015 1589 3078 ὁ
1635 3015 1924 3094 Ῥηγῖνος
1970 3017 2209 3095 χωρίον
2255 3015 2455 3079 οἴεται
2499 3014 2697 3097 εἶναι,
2754 3015 3052 3095 (τράβων

470 3118 541 3181 δὲ
599 3117 669 3181 ἐν
725 3115 1234 3198 ἑπτακαιδεκάτῳ
1290 3116 1507 3199 βιβλίῳ
1573 3118 1666 3201 (p.
1724 3115 1877 3196 835)
1933 3116 2122 3181 πόλιν
2187 3116 2340 3196 φηςὶ
2402 3117 2504 3180 καὶ
2567 3116 2770 3181 ἄλλοι.
2868 3118 3054 3182 πόλις

471 3219 543 3280 δὲ
586 3217 1070 3297 Λιβυφοινίκων.
1157 3218 1288 3281 “Ae
1303 3236 1551 3295 μονον
1597 3221 1796 3296 δῆμος
1839 3221 1949 3295 τῆς
1997 3216 2382 3296 Κεκροπίδος
2425 3221 2649 3298 φυλῆς.
2715 3219 2791 3282 τὸ
2837 3219 3052 3298 μέντοι

471 3318 812 3396 Ἁθμονῆζε
859 3320 961 3381 καὶ
1003 3318 1333 3396 Ἀθμονῆςι
1381 3321 1556 3381 δοκεῖ
1601 3316 1733 3382 ἀπὸ
1777 3322 1889 3396 τῆς
1944 3318 1983 3395 ἡ
2028 3294 2301 3396 Ἀθμονή
2358 3317 2540 3383 εἶναι.
2626 3320 3051 3398 Δράκονον

470 3417 628 3497 ὄρος
682 3419 878 3497 νήςου
932 3423 1045 3499 τῆς
1098 3418 1355 3496 Ἰκαρίας
1411 3420 1757 3499 λεγομένης
1811 3421 1914 3484 καὶ
1968 3419 2170 3483 πόλις.
2260 3419 2556 3499 (τράβων
2613 3421 2690 3483 ιδ’
2742 3422 2835 3506 (p.
2880 3421 3050 3501 639).
3089 3442 3155 3492 3«)

468 3519 839 3597 Πρόαρνα
882 3520 1068 3583 πόλις
1114 3520 1430 3598 Μηλιέων.
1518 3522 1593 3584 τὸ
1650 3522 1720 3582 δὲ
1771 3521 2143 3583 Καικῑνον
2189 3521 2429 3598 χωρίον
2475 3521 2790 3586 Ἰταλικόν.
2879 3522 3050 3586 Φίλι-

470 3641 613 3685 ςτος
658 3620 939 3704 δευτέρῳ
985 3619 1315 3686 (ικελικῶν
1357 3656 1444 3668 -—
1485 3624 2022 3701 προπεριςπᾶται,
2079 3620 2368 3687 ὀξύνεται
2403 3624 2495 3698 ,δὲ
2549 3625 2624 3688 τὸ
2681 3623 3049 3701 Ἀδρανόν

468 3723 654 3787 πόλις
712 3721 988 3785 (ικελίας
1042 3721 1112 3786 ἐν
1167 3728 1243 3805 τῇ
1298 3721 1489 3804 Αἴτνῃ
1542 3723 1836 3801 ποταμὸν
1889 3722 2234 3801 ὁμώνυμον
2290 3722 2540 3800 ἔχουςα.
2643 3727 2890 3801 λέγεται
2950 3725 3053 3790 καὶ

468 3822 828 3903 ἀρςενικῶς.
916 3824 1021 3886 καὶ
1063 3824 1425 3899 Βοιανόν,
1451 3822 1637 3887 πόλις
1682 3822 2005 3888 (αυνιτῶν
2050 3824 2153 3888 καὶ
2195 3823 2494 3889 Τεανόν
2542 3826 2728 3890 πόλις
2771 3827 3049 3908 Ἰταλίας,

470 3926 562 3990 ὡς
590 3923 1051 4003 Ἀρτεμίδωρος
1093 3925 1374 4007 τετάρτῳ
1419 3926 2040 4004 γεωγραφουμένων.
2094 3926 2196 3988 καὶ
2225 3925 2629 3990 Τυκλανόν
2675 3927 2862 3990 πόλις
2905 3927 3048 3991 Ἰτα·
3075 3943 3150 3995 35

346 4059 367 4070 α
469 4027 635 4108 λίας,
678 4027 719 4104 ἣ
763 4025 868 4089 καὶ
896 4025 1177 4088 Τύςκλος
1224 4025 1501 4107 λέγεται,
1547 4025 1648 4089 καὶ
1690 4025 2151 4102 Φρεντανόν
2196 4025 2384 4089 πόλις
2414 4026 2674 4090 Ἰταλίας
2715 4028 2819 4090 καὶ
2859 4027 3047 4090 Ποι-

469 4126 819 4207 μανηνόν
885 4127 1071 4190 πόλις
1136 4127 1274 4204 ἤτοι
1338 4128 1657 4206 φρούριον
1723 4127 1762 4203 ἢ
1830 4127 2068 4203 χωρίον
2139 4126 2399 4192 Κυζίκου
2466 4127 2566 4190 καὶ
2633 4127 3045 4205 Ἀργεννόν

468 4227 868 4307 ἀκρωτήριον
912 4228 1016 4291 καὶ
1058 4227 1401 4306 Ἐρυμνά·
1446 4228 1618 4291 οὕτω
1662 4227 1784 4304 γὰρ
1829 4227 2118 4290 ἐκαλεῖτο
2162 4225 2436 4303 Τράλλις
2478 4227 2664 4321 πόλις
2707 4227 2951 4292 Λυδίας.

585 4321 594 4332 ’
637 4353 675 4389 ιι
719 4329 814 4394 Τά
870 4328 960 4392 εἰς
1013 4331 1143 4391 fffffi
1201 4328 1507 4406 οὐδέτερα
1551 4326 2057 4406 ὑπερδιςύλλαβα
2108 4326 2693 4411 προπαροξύνεται,
2747 4331 3045 4409 πρόςω·

469 4451 617 4495 πον
663 4431 765 4494 καὶ
808 4430 1255 4507 Πρόςωπον
1301 4432 1491 4506 νῆςος
1537 4428 1616 4493 οὐ
1660 4428 1885 4504 πόρρω
1935 4427 2355 4504 Καρχηδόνος.
2441 4427 2819 4508 Πράαςπα
2860 4433 3046 4497 πόλις
3080 4449 3148 4501 4ο

468 4534 578 4608 τῆς
602 4532 1091 4610 Ἀτροπατηνῆς.
1130 4530 1477 4594 Ὓπαιπα
1506 4529 1692 4592 πόλις
1721 4527 1953 4593 Λυδίας
1981 4532 2287 4593 κτιςθεῖςα
2317 4527 2444 4593 ὑπὸ
2474 4530 2550 4595 τὸ
2580 4533 3044 4616 παρακείμενον
3081 4527 3088 4533 ’

604 4751 639 4804 1.
674 4755 739 4804 39
778 4752 945 4803 etiam
985 4751 1073 4801 hie
1109 4765 1288 4801 canon
1323 4764 1391 4800 ex
1428 4749 1508 4800 St.
1547 4748 1608 4798 B.
1645 4748 1982 4815 compositum
2013 4754 2113 4805 eet.
