3664 5546
577 357 703 423 226
1510 352 1592 411 ΕΚ
1627 355 1766 411 ΤΩΝ
1807 355 2214 411 ΗΡΩΔΙΑΝΟΥ

1065 528 1186 594 ἀλλ
1202 528 1218 552 '
1263 525 1399 594 οἶδε
1442 530 1668 594 παῖδες
1713 527 1782 593 ἐκ
1824 526 2076 607 τρόχων
2120 527 2514 607 πεπαυμένοι

974 692 983 701 .
1066 630 1371 711 ςτείχουςι
1386 681 1405 714 ,
1451 630 1686 711 μητρὸς
1732 626 1928 696 οὐδὲν
1973 628 2393 709 ἐννοούμενοι

1066 738 1293 799 κακῶν.
2086 734 2092 743 ’

580 834 865 914 τροχός
909 835 979 899 δὲ
1024 834 1063 898 6
1107 834 1368 918 κύκλος,
1416 835 1733 918 βρόχος,
1786 833 2011 916 ἦχος,
2072 834 2376 913 Τρῆχος
2430 832 2639 915 ὄνομα
2689 834 2943 917 κύριον,
2999 832 3151 899 ςτί-

516 947 548 996 5
579 957 747 1019 χος,
791 936 1057 1019 τύχος,
1101 938 1404 1019 τοῖχος,
1446 940 1742 1017 βρῦχος
1786 936 1824 1000 6
1869 939 2089 1019 κῆρυξ,
2146 938 2334 1014 δηλοῖ
2378 937 2451 1001 δὲ
2506 935 2609 1000 καὶ
2664 934 2873 1016 ὄνομα
2925 936 3148 1001 τόπου.

580 1038 977 1119 ςεςημείωται
1021 1040 1097 1104 τὸ
1143 1038 1383 1119 μυχός
1428 1038 1466 1102 6
1510 1038 1849 1117 ἐνδότερος
1892 1036 2109 1107 τόπος.
2196 1038 2273 1103 τὸ
2331 1039 2402 1103 δὲ
2448 1037 2754 1121 μοιχός,
2811 1038 3150 1121 πτωχός,
3245 1088 3249 1091 .

578 1139 821 1220 ἀρχός
865 1139 1182 1205 ἐπιθετικὰ
1227 1139 1388 1206 ὄντα
1431 1141 1738 1209 ὀξύνεται.

746 1243 839 1307 Τὰ
896 1242 983 1309 εἰς
1026 1246 1143 1321 ib}
1198 1242 1705 1323 ύπερδιςύλλαβα
1756 1224 2310 1322 προπαροξύνεται
2323 1291 2342 1325 ,
2398 1240 2824 1325 ςτόμαχος,
2870 1242 3147 1323 βάτρα-

576 1365 665 1424 χο
685 1366 748 1428 ς,
795 1345 1173 1424 Βώταχος.
1264 1344 1576 1410 Νικόλαος
1633 1344 1681 1409 ε’
1730 1343 2059 1423 «Ἰοκρίτου
2116 1345 2187 1409 δὲ
2239 1347 2356 1409 τοῦ
2411 1343 2783 1424 Λυκούργου
2829 1330 3148 1427 Βώταχος,

476 1456 542 1510 10
579 1445 705 1527 ἀφ’
762 1444 842 1511 οὗ
900 1446 938 1510 6
981 1446 1183 1511 τόπος
1228 1446 1577 1525 Βωταχίδαι
1633 1445 1705 1511 ἐν
1759 1445 1962 1530 Τεγέᾳ
2015 1445 2304 1526 ἐκλήθη».
2391 1446 2692 1525 Ἴναχος
2749 1445 2786 1510 6
2840 1446 3147 1528 ποταμός,

577 1547 883 1627 (ήμαχο
903 1569 965 1631 ς,
1012 1549 1065 1630 ᾧ
1112 1549 1213 1612 καὶ
1254 1551 1392 1613 ταῖς
1435 1548 1812 1627 θυγατράςιν
1859 1546 2215 1626 ἐπεξενώθη
2258 1547 2610 1630 Διόνυςος,
2655 1547 2780 1629 ἀφ’
2824 1546 2902 1613 οὗ
2948 1547 3149 1628 (ημα-

575 1650 742 1729 χίδαι
798 1652 997 1746 δῆμος
1056 1649 1345 1728 Ἀττικῆς.
1434 1649 1916 1732 (ωτήριχος,
1972 1648 2355 1732 μείλιχος,
2413 1649 2879 1733 Ἰάμβλιχος,
2935 1651 3147 1728 τάρι-

575 1771 746 1834 χος,
801 1755 996 1817 τοῦτο
1052 1751 1364 1831 ἑκατέρως
1421 1752 1667 1828 λέγεται
1712 1750 1815 1816 καὶ
1856 1752 1933 1816 τὸ
1977 1751 2235 1831 τάριχος
2290 1751 2391 1816 καὶ
2432 1750 2471 1814 6
2513 1750 2787 1831 τάριχος.
2875 1752 3146 1830 Ἀριςτο-

575 1853 787 1933 φάνης
857 1852 1002 1919 «ἐπὶ
1061 1859 1153 1939 τῷ
1217 1853 1454 1932 ταρίχει
1513 1854 1628 1919 τὸν
1686 1854 1936 1929 γέλωτα
1997 1854 2400 1933 κατέδομαι».
2500 1852 2539 1916 6
2592 1852 2789 1918 αὐτός
2844 1852 3147 1932 «τάριχον

482 1967 540 2018 15
575 1959 876 2024 τοιοῦτον
920 1956 1145 2020 πλύνω
1163 1980 1208 2020 ».
1299 1954 1671 2037 Κλέοχος,
1728 1954 2033 2034 Τάοχος
2088 1955 2276 2021 ἔθνος
2332 1954 2652 2034 ἐνδοτέρω
2706 1958 2822 2020 τοῦ
2865 1955 3146 2020 Πόντου.

572 2057 846 2124 τούτους
901 2058 1068 2123 τινὲς
1111 2057 1321 2123 Τάους
1376 2059 1702 2140 καλοῦςιν,
1763 2056 1854 2122 ὡς
1910 2056 2300 2138 (οφαίνετος
2356 2057 2427 2122 ἐν
2474 2062 2550 2140 τῇ
2594 2055 2892 2137 ἀναβάςει
2938 2057 3144 2138 φηςίν.

575 2159 1047 2241 Ἀμφίλοχος
1092 2158 1131 2224 6
1175 2158 1600 2241 Ἀμφιαράου,
1644 2157 1769 2239 ἀφ’
1814 2155 1895 2223 οὗ
1939 2158 2313 2239 Ἀμφίλοχοι
2362 2158 2548 2224 πόλις
2591 2158 3001 2252 Ἀκαρνανίας
3044 2160 3147 2224 καὶ

575 2260 638 2325 οἱ
680 2264 937 2326 πολῖται
983 2261 1379 2344 ὁμοφώνως,
1428 2260 1821 2340 Γόρδοχος
1866 2260 2056 2327 ἔθνος
2097 2261 2412 2339 Περςικόν
2455 2261 2493 2325 ὃ
2538 2260 2640 2325 καὶ
2672 2262 3002 2340 Γορδιαῖος
3044 2262 3148 2325 καὶ

577 2362 812 2442 Γόρδος
855 2366 1151 2429 καλεῖται.
1228 2362 1545 2446 ἥςυχος,
1592 2361 2006 2445 βότρυχος,
2052 2362 2509 2445 βόςτρυχος,
2558 2362 2959 2446 Μόρυχος,
2992 2362 3143 2427 Μό-

470 2476 541 2529 ‘20
574 2485 850 2549 νυχος,
895 2463 1020 2546 ἀφ’
1064 2463 1145 2531 οὗ
1191 2464 1557 2548 Μουνυχία,
1616 2463 2064 2547 Μόλορχος,
2119 2462 2245 2545 ἀφ’
2290 2461 2370 2528 οὗ
2417 2465 2751 2543 Μολορχία
2794 2465 2980 2529 πόλις
3026 2464 3140 2528 Νε-

573 2567 747 2647 μέας.
856 2548 1330 2646 Ὀξύρυῆχος
1395 2566 1579 2630 πόλις
1643 2565 1964 2643 Αἰγύπτου
2034 2570 2270 2646 τιμῶςα
2342 2566 2456 2631 τὸν
2529 2565 2871 2646 ὁμώνυμον
2947 2565 3141 2644 ἰχθῦν.

575 2669 900 2748 δόλιχος
942 2668 1019 2733 τὸ
1064 2667 1362 2752 ὄςπριον,
1419 2666 1740 2747 δολιχός
1796 2669 1867 2732 δὲ
1921 2667 1960 2731 6
2004 2667 2255 2747 μακρός.
2342 2668 2420 2733 τὸ
2474 2669 2546 2733 δὲ
2600 2668 2942 2748 μοναχός
2999 2666 3141 2735 ὀξύ-

573 2791 764 2836 νεται.
809 2768 913 2836 καὶ
943 2768 1230 2838 ὀξύνεται
1276 2771 1347 2837 δὲ
1390 2769 1467 2835 τὸ
1498 2769 1866 2850 Ἀρρηχός
1910 2769 2098 2837 ἔθνος
2130 2770 2467 2836 Μαιωτῶν.
2514 2769 2810 2853 (τράβων
2840 2769 3143 2853 ἑνδεκάτῃ

570 2874 663 2959 (p.
699 2871 885 2956 495),
940 2873 1015 2938 τὸ
1070 2874 1142 2938 δὲ
1201 2873 1652 2952 Καρδοῦχος
1705 2876 2227 2951 προπεριςπᾶται.
2323 2872 2448 2937 ἔςτι
2502 2873 2573 2938 δὲ
2628 2873 2817 2938 ἔθνος
2877 2872 3144 2956 Μηδίας,

469 2992 536 3042 25
577 2977 668 3040 ὡς
698 2975 1021 3056 Ξενοφῶν
1065 2972 1137 3039 ἐν
1180 2973 1546 3057 ἀναβάςεως
1587 2973 1760 3059 τρίτῃ
1790 2973 1880 3056 (5,
1918 2974 2024 3056 15)
2070 2975 2176 3040 «ἐς
2209 2974 2615 3053 Καρδούχους
2646 2974 2809 3051 ἄγοι.
2870 2974 3143 3039 τούτους

578 3075 647 3139 δ’
688 3075 935 3157 ἔφαςαν
980 3073 1176 3141 οἰκεῖν
1234 3075 1360 3142 ἀνὰ
1411 3075 1491 3141 τὰ
1543 3074 1663 3155 ὄρη
1715 3077 1817 3140 καὶ
1871 3077 2256 3156 πολεμικούς
2311 3074 2475 3141 εἶναι
2522 3076 2624 3141 καὶ
2680 3076 2978 3157 βαςιλέως
3023 3075 3143 3139 οὐκ

577 3176 895 3243 ἀκούειν».
983 3177 1085 3242 καὶ
1129 3177 1519 3259 (οφαίνετος
1563 3176 1633 3243 ἐν
1678 3177 1891 3255 Κύρου
1936 3176 2231 3260 ἀναβάςει
2276 3179 2428 3259 φηςὶ
2470 3178 2615 3257 περὶ
2656 3177 2887 3243 αὐτῶν.

742 3279 837 3344 Τὰ
892 3278 981 3345 εἰς
1032 3281 1162 3357 W
1207 3280 1548 3360 διςύλλαβα
1589 3280 1671 3359 μὴ
1716 3278 2032 3344 ἐπιθετικὰ
2077 3280 2440 3363 βαρύνεται,
2500 3279 2810 3364 Μόψος,
2854 3280 3141 3363 γύψος,

575 3379 829 3460 Τίψος
871 3382 911 3460 ἡ
955 3382 1173 3464 πόλις,
1220 3381 1480 3461 Μίψος
1521 3381 1598 3446 τὸ
1630 3381 1853 3464 ἔθνος,
1898 3382 2149 3461 θάψος
2181 3380 2355 3446 εἶδος
2384 3381 2611 3464 ξύλου,
2658 3382 2927 3462 Θάνψος
2956 3382 3142 3447 πόλις

474 3501 543 3552 3ο
573 3481 802 3563 Λιβύης
862 3481 1158 3564 (τράβων
1213 3483 1720 3569 ἑπτακαιδεκάτῳ
1773 3486 1867 3570 (p.
1921 3481 2090 3565 831).
2176 3483 2302 3549 ἔςτι
2359 3485 2459 3549 καὶ
2513 3482 2805 3549 (ικελίας.
2891 3483 3017 3549 ἔςτι
3071 3485 3142 3548 δὲ

577 3583 958 3663 χερςόνηςος
1002 3584 1073 3651 ἐν
1118 3591 1316 3670 ςτενῷ
1361 3584 1582 3670 ἰςθμῷ,
1651 3586 1741 3652 ὡς
1795 3585 2187 3666 Θουκυδίδης
2253 3583 2351 3668 (6,
2400 3585 2528 3668 97).
2613 3585 2940 3666 Λάμψος
2992 3588 3142 3650 παῖς

580 3684 890 3765 Κοδρίδου
946 3688 1047 3751 καὶ
1101 3685 1221 3751 ἀπ’
1274 3686 1476 3752 αύτοῦ
1530 3690 1721 3767 μοῖρα
1775 3692 1887 3768 τῆς
1935 3688 2373 3767 Κλαζομενίων
2426 3689 2671 3770 χώρας,
2729 3688 2818 3753 ὼς
2861 3689 3144 3768 Ἔφορος

577 3913 634 3957 et
677 3905 878 3972 τροχός
924 3908 998 3962 cf.
1042 3911 1143 3975 Ep.
1182 3909 1271 3961 Cr.
1306 3911 1335 3961 1
1369 3913 1495 3974 371,
1533 3914 1591 3972 2,
1643 3911 1706 3962 Ε.
1744 3910 1815 3960 Μ.
1860 3911 1984 3973 686,
2024 3912 2111 3973 10,
2165 3911 2407 3962 Favorin
2444 3910 2568 3974 378,
2608 3913 2673 3961 15
2719 3915 2776 3960 et
2819 3910 2913 3975 qui
2955 3925 3143 3960 omnes

573 3977 837 4040 praeivit,
871 3976 1131 4044 Tryphon
1176 3975 1239 4029 ἐν
1274 3977 1508 4046 δευτέρᾳ
1544 3978 1671 4043 περὶ
1711 3977 1965 4044 Ἀττικῆς
2001 3977 2316 4045 προςῳδίας
2352 3979 2553 4030 Velsen
2591 3994 2641 4043 p.
2682 3980 2762 4028 14.
2802 4005 2867 4013 —
2902 3975 3039 4041 ἦχος
3074 4006 3154 4044 -Ι

572 4044 774 4107 βρῠχος
808 4044 1001 4096 addidi
1045 4062 1112 4097 ex
1148 4046 1395 4112 Theogn.
1435 4050 1526 4110 76,
1566 4049 1653 4110 173
1699 4047 1847 4130 apud
1895 4062 2016 4098 eum
2062 4046 2261 4111 βρύχος
2307 4048 2569 4112 seriptum
2615 4053 2728 4108 est,
2774 4062 2864 4111 ap.
2902 4046 3142 4111 Hesyeh.

572 4110 801 4177 βρυχός,
848 4114 946 4164 sed
993 4115 1107 4174 auo
1151 4114 1269 4166 loco
1314 4112 1512 4180 βρύκος
1558 4122 1615 4167 et
1659 4115 1908 4180 βρυοχος.
1980 4115 2246 4168 Schmidt.
2289 4115 2362 4165 ad
2397 4113 2633 4180 Hesych.
2680 4113 2880 4179 βρύκος
2925 4114 3144 4165 dubitat

571 4196 643 4230 au
678 4196 777 4245 pro
812 4183 982 4247 κῆρυξ
1018 4183 1362 4235 scribendum
1396 4185 1470 4235 sit
1506 4183 1695 4248 μῆρυξ.
1870 4183 1903 4233 1.
1927 4185 1960 4233 9
1997 4180 2261 4247 Βώταχο(
2296 4209 2362 4219 ·—
2399 4180 2652 4247 (ἡμαχος
2689 4193 2818 4232 sunt
2854 4198 2920 4232 ex
2954 4181 3032 4232 St.
3055 4183 3141 4240 B.,

571 4246 815 4312 μείλιχος
850 4277 916 4286 -
949 4248 1173 4315 τάριχος
1209 4266 1277 4302 ex
1313 4252 1556 4317 Theogn.
1597 4254 1685 4307 76.
1721 4253 1813 4311 26,
1859 4249 2083 4316 τάριχος
2128 4252 2346 4318 explevi
2391 4267 2458 4301 ex
2493 4250 2753 4305 Eustath.
2795 4267 2846 4316 p.
2883 4253 2948 4301 73
2983 4256 3141 4312 extr„

570 4319 665 4367 nbi
702 4317 845 4370 κατὰ
882 4317 1227 4384 Ἡρωδιανὸν
1263 4320 1355 4370 καὶ
1389 4317 1611 4385 τάριχος
1649 4318 1930 4384 ἑκατέρως
1976 4317 2194 4382 λέγεται
2240 4320 2359 4372 κτλ.
2393 4347 2459 4355 -
2497 4317 2735 4383 Κλέοχος
2771 4345 2836 4354 --
2876 4317 3142 4382 Γόρδοχος

570 4388 753 4450 recepi
790 4402 857 4436 ex
893 4389 972 4438 St.
1008 4390 1104 4451 B.,
1141 4388 1344 4453 ἥςυχος
1379 4415 1445 4423 -
1481 4386 1743 4451 Μόρυχος
1778 4403 1846 4438 ex
1882 4386 2146 4453 Theogn„
2183 4386 2447 4451 Μόνυχος
2482 4414 2547 4424 -
2587 4385 2919 4451 Ὀέύρυγχος
2956 4402 3023 4436 ex
3059 4389 3141 4437 St.

568 4454 630 4502 B.
665 4480 731 4488 --
770 4452 1036 4521 Ἀρρηχός
1072 4462 1129 4508 et
1168 4455 1480 4520 Καρδοῦχος
1515 4471 1584 4506 ex
1620 4456 1699 4506 St.
1736 4457 1799 4509 B.
1836 4457 2087 4521 apposui.
2155 4455 2266 4506 Hic
2300 4457 2468 4506 etiam
2506 4453 2791 4519 ἀγέρωχος
2825 4470 3141 4505 commemo-

570 4526 747 4571 ratum
786 4523 958 4575 fuisse
995 4525 1328 4576 concluseris
1364 4541 1432 4574 ex
1466 4524 1570 4590 Ep.
1606 4524 1694 4573 Cr.
1730 4524 1756 4574 1
1790 4525 1876 4587 29,
1911 4527 1994 4575 25.
2030 4550 2096 4560 —-
2133 4523 2312 4576 Schol.
2348 4517 2422 4573 ad
2456 4523 2685 4577 Theoer.
2723 4524 2802 4574 lv
2836 4526 2903 4573 20
2937 4522 3140 4571 tradit:

571 4586 687 4639 ἀπὸ
722 4594 827 4642 τοῦ
865 4592 1077 4656 πυρρός
1112 4590 1191 4644 πύ
1262 4606 1378 4657 ιχος
1413 4590 1556 4644 κατὰ
1580 4589 1953 4655 παραγωγήν·
1989 4590 2139 4642 τινὲς
2161 4590 2224 4642 δὲ
2249 4589 2649 4655 παροξυτόνως
2673 4589 2940 4653 λέγουςιν.
2993 4587 3141 4640 ἐςτιν

571 4655 675 4708 οὖν
710 4654 1138 4724 ὑποκοριςτικὸν
1173 4660 1217 4712 Α
1240 4662 1472 4724 ολικῶς,
1510 4660 1607 4711 sed
1646 4660 1994 4710 Herodianus
2039 4659 2177 4710 nihil
2222 4658 2289 4708 de
2328 4661 2718 4724 paroxytonesi
2753 4656 3142 4709 vocabulorum

566 4726 624 4775 in
662 4728 779 4793 ἰχοῖ
818 4730 1088 4795 praecipit
1121 4730 1190 4778 cf.
1221 4731 1363 4781 Lob.
1400 4727 1566 4780 Pron.
1602 4731 1719 4779 336.
1858 4727 1893 4777 1.
1929 4729 1997 4778 28
2031 4727 2107 4791 μὴ
2146 4728 2351 4778 inserui
2389 4733 2643 4778 monente
2680 4726 3012 4787 Schmidtio,
3052 4723 3143 4776 Τί-

566 4808 675 4856 ψος
711 4796 934 4914 expBlevi
971 4813 1037 4846 ex
1073 4796 1316 4861 Theogn.
1341 4799 1424 4858 77,
1452 4801 1506 4856 1,
1543 4795 1687 4846 unde
1724 4793 1916 4859 Μίψος
1952 4795 2169 4860 addidi,
2205 4792 2400 4858 Θάψος
2436 4801 2493 4845 et
2526 4793 2755 4859 Λάμψος
2790 4801 3144 4845 accesserunt

569 4877 636 4912 ex
672 4865 752 4916 St.
839 4902 850 4916 .
