3664 5546
2971 279 2985 308 1

1192 387 1350 441 Περι
1390 386 1782 440 κΑοοΛικΗς
1806 385 2230 441 ΠΡοςΩιΔιΑς
2268 387 2351 439 ιΔ.
2944 382 3072 448 395

487 562 701 626 Ζανός
754 580 825 624 τε
880 559 1081 637 κούρη
1134 559 1295 624 Ζανί
1347 559 1411 622 τ’
1468 557 1867 639 ἐλευθερίῳ».
1954 557 2112 635 Ζήν
2169 557 2207 621 ὁ
2262 555 2428 619 Ζεύς
2479 556 2581 619 καὶ
2630 556 2835 635 Δήν,
2897 556 3070 637 μήν,

490 665 767 744 (πλήν,
824 663 1053 744 ςφήν,
1112 663 1265 740 ψήν
1321 659 1649 742 ἀρςενικά,
1704 659 1780 723 τὸ
1826 660 1899 722 δὲ
1942 660 2082 737 χήν
2128 659 2349 724 κοινὸν
2400 665 2492 741 τῶ
2534 657 2734 733 γένει·
2792 657 3070 735 θηλυκὸν

490 766 611 843 γὰρ
666 763 826 829 αὐτὸ
884 763 1064 827 οἶδεν
1130 763 1168 826 6
1225 763 1492 841 ποιητής
1559 762 1693 826 «ὡς
1757 760 1871 825 ὅδε
1915 761 2068 838 χῆν’
2119 760 2358 838 ἥρπαξ’
2412 759 2912 837 ἀτιταλλομένην
2977 758 3074 822 ἐνὶ

491 866 689 949 οἴκῳ»
737 863 892 946 (Od.
926 887 964 929 o
1001 863 1148 944 174)
1195 865 1296 928 καὶ
1343 863 1594 928 «αἰετὸς
1637 863 1841 940 ἀργὴν
1886 866 2051 939 χῆνα
2093 863 2356 942 φέρων»
2403 863 2471 943 (o
2518 859 2697 942 161),
2740 859 3071 938 ἀρςενικόν

496 971 567 1032 δὲ
613 968 821 1032 οὕτως
866 965 1095 1044 «χῆνές
1139 988 1244 1044 μοι
1290 966 1448 1029 κατὰ
1492 964 1677 1030 οἶκον
1724 963 1949 1028 ἑείκοςι
1993 964 2202 1041 πυρὸν
2260 963 2510 1029 ἔδουςιν
2554 997 2641 1010 --
2684 963 2748 1030 ἐξ
2793 960 3068 1026 ὕδατος»
3099 975 3132 1027 5

490 1067 647 1152 (Od.
692 1090 727 1133 τ
770 1066 956 1149 536),
1001 1067 1141 1131 εἶτα
1184 1067 1474 1146 ἐπιφέρει

721 1170 738 1178 “
894 1169 1103 1233 ἐλθὼν
1149 1168 1205 1231 δ’
1250 1168 1313 1233 ἐξ
1358 1166 1547 1244 ὄρεος
1592 1167 1785 1246 μέγας
1829 1166 2040 1231 αἰετὸς
2083 1167 2536 1246 ἀγκυλοχείλης

896 1275 1042 1335 πᾶςι
1086 1270 1230 1334 κατ’
1273 1269 1550 1347 αὐχένας
1594 1269 1702 1347 ἦξε
1748 1270 1851 1332 καὶ
1891 1268 2188 1350 ἔκτανεν,
2235 1269 2297 1332 οἱ
2342 1270 2413 1332 δὲ
2457 1270 2742 1347 κέχυντο.

494 1375 743 1449 λέγεται
810 1375 881 1437 δὲ
936 1373 1038 1437 καὶ
1084 1372 1235 1449 Χήν
1291 1371 1478 1444 πόλις
1522 1371 1887 1448 Λακωνικῆς
1950 1373 2253 1447 θηλυκῶς.
2341 1372 2444 1434 καὶ
2505 1370 2582 1434 τὸ
2648 1372 2763 1449 μὲν
2826 1369 2947 1447 χήν
3003 1369 3072 1433 ἐν

492 1476 826 1553 κοινότητι.
874 1474 978 1537 Ὧι
1023 1473 1251 1552 ὅμοιον
1307 1472 1570 1545 δύναιτο
1627 1472 1705 1537 ἂν
1751 1470 1917 1535 εἶναι
1971 1473 2073 1536 καὶ
2115 1474 2190 1537 τὸ
2238 1471 2379 1550 ῥήν
2434 1472 2511 1535 τὸ
2555 1471 2827 1553 θρέμμα,
2882 1470 2941 1534 εἴ
2982 1491 3074 1535 τις
3115 1486 3179 1537 ιο

496 1578 814 1657 βούλοιτο.
902 1575 1007 1639 ἐπὶ
1052 1575 1121 1637 δὲ
1165 1577 1276 1651 τῆς
1321 1570 1658 1652 αἰτιατικῆς
1705 1574 2056 1652 Νίκανδρος
2099 1571 2320 1654 (Ther.
2364 1572 2520 1652 453)
2550 1619 2553 1622 ι
2581 1573 2821 1650 «αὐτὰρ
2878 1572 2916 1635 6
2959 1575 3076 1636 τοῦ

384 1737 390 1748 .
495 1680 596 1743 καὶ
641 1677 803 1756 ῥῆνα
847 1677 948 1740 καὶ
990 1675 1341 1753 ἠνεμόεντα
1385 1675 1642 1750 λαγωόν
1658 1697 1702 1738 ».
1763 1677 1840 1739 τὸ
1885 1676 1957 1739 δὲ
2002 1675 2208 1755 φρήν
2254 1674 2465 1751 μόνως
2510 1675 2787 1750 θηλυκὸν
2830 1673 3073 1737 πεπλά-

494 1800 675 1856 νηται
718 1779 866 1856 περὶ
908 1779 982 1841 τὸ
1027 1776 1248 1857 γένος,
1294 1778 1394 1841 διὸ
1440 1778 1543 1839 καὶ
1585 1776 1896 1853 ἑξηλλάγη
1928 1776 2127 1840 αὐτοῦ
2171 1777 2211 1853 ἡ
2256 1775 2446 1840 κλίςις
2480 1776 2569 1839 ὡς
2612 1776 2776 1853 πρὸς
2802 1776 2882 1837 τὰ
2911 1774 3077 1844 ἄλλα

402 1945 407 1956 ,
496 1870 974 1960 μονοςύλλαβα,
1021 1878 1259 1957 φρενός
1302 1878 1456 1959 γάρ,
1512 1884 1643 1941 τῶν
1698 1876 1916 1941 ἄλλων
1963 1877 2420 1955 φυλαςςόντων
2476 1878 2552 1941 τὸ
2595 1879 2651 1954 ἦ.
2740 1876 2860 1940 οὐκ
2904 1873 3074 1939 ἀντι-

495 1982 666 2058 θήςει
710 2001 802 2045 τις
846 1981 995 2058 ἡμῖν
1039 1981 1114 2044 τὸ
1169 1980 1343 2056 παρὰ
1385 1985 1478 2061 τῷ
1521 1978 1988 2056 Ἑρμηςιάνακτι
2022 1977 2121 2041 .ἐν
2165 1978 2474 2042 Λεοντίου
2535 1977 2594 2040 α’
2652 1978 3078 2056 «δερκόμενος
3117 1990 3177 2040 15

494 2085 658 2161 πρὸς
703 2086 895 2162 κῦμα,
952 2081 1113 2161 μόνη
1172 2081 1241 2143 δὲ
1287 2079 1349 2142 οἱ
1404 2080 1717 2159 ἐφλέγετο
1769 2079 1913 2156 γλή
1930 2100 1983 2144 ν.
2072 2078 2152 2143 οὐ
2207 2081 2330 2157 γὰρ
2383 2080 2663 2161 ἐντελές,
2721 2078 3076 2157 ἀποκεκομ-

495 2185 692 2264 μένον
739 2186 810 2248 δὲ
856 2183 925 2247 ἐκ
966 2186 1084 2247 τοῦ
1127 2183 1347 2260 γλήνη.
1396 2180 1621 2252 ,Ῥών
1667 2181 1854 2246 πόλις
1911 2184 2021 2256 τῆς
2069 2182 2107 2242 Γ
2110 2184 2450 2259 ανδαρικῆς
2497 2179 2788 2262 (κυθίας,
2841 2181 3076 2261 κλών,

494 2309 540 2349 π
555 2288 710 2365 ρῶν
726 2335 743 2368 ,
791 2285 959 2350 Χών
1005 2284 1211 2362 ὄνομα
1254 2287 1586 2363 ποταμοῦ,
1625 2281 1689 2349 ἐξ
1735 2280 1815 2346 οὗ
1862 2284 1964 2346 καὶ
2006 2282 2044 2359 ἡ
2088 2283 2353 2360 ἤπειρος
2386 2281 2629 2364 Χωνία,
2673 2282 2848 2360 παρὰ
2891 2281 3076 2359 Ἡρο-

495 2389 667 2470 δότω
722 2387 823 2468 (9,
871 2385 981 2466 93)
1045 2386 1149 2448 καὶ
1214 2385 1382 2449 Χών
1445 2384 1520 2447 τὸ
1585 2383 1870 2464 ἑθνικόν,
1934 2381 2016 2448 οὗ
2083 2383 2383 2461 μέμνηται
2439 2382 2737 2461 Ετράβων
2803 2383 2874 2447 ἐν
2933 2384 3076 2465 ἕκτῃ

495 2491 583 2572 (p.
627 2486 783 2568 254)
831 2487 972 2550 «καὶ
1017 2485 1207 2562 Χώνη
1261 2485 1446 2549 πόλις
1491 2485 1653 2561 ὑπὲρ
1697 2483 1894 2571 αὐτῆς
1909 2532 1926 2564 ,
1982 2482 2225 2562 ἀφ’·ἦς
2282 2484 2344 2548 οἱ
2392 2485 2590 2567 ταύτῃ
2639 2485 2854 2548 Χῶνες
2897 2484 3076 2562 έκλή-
3112 2501 3181 2551 :20

495 2598 691 2667 θηςαν
707 2613 752 2650 ».
827 2587 1033 2663 χθών
1079 2585 1281 2663 μόνον
1328 2587 1605 2662 θηλυκὸν
1652 2585 1719 2648 ἐκ
1761 2591 1894 2648 τῶν
1940 2584 2028 2648 εἰς
2069 2583 2171 2648 {BV
2214 2586 2712 2665 μονοςυλλάβων
2757 2587 2860 2649 καὶ
2903 2589 3076 2649 διαλ-

498 2691 695 2755 λάξαν
750 2687 911 2752 κατὰ
965 2688 1080 2764 τὴν
1136 2686 1348 2750 κλίςιν.
1433 2685 1672 2761 γίνεται
1728 2687 1799 2750 δὲ
1853 2686 2029 2764 παρὰ
2082 2688 2158 2751 τὸ
2202 2693 2299 2765 χῶ
2345 2686 2511 2765 ῥῆμα
2554 2687 2688 2764 χών
2740 2688 2841 2751 καὶ
2884 2688 3077 2766 χθών.

499 2793 701 2872 Θών,
758 2789 872 2867 ἀφ’
929 2785 1007 2851 οὗ
1063 2788 1166 2851 καὶ
1217 2787 1255 2863 ἡ
1312 2789 1527 2866 γενικὴ
1586 2788 1828 2853 Θῶνος.
1917 2790 1994 2853 τὸ
2049 2790 2121 2853 δὲ
2160 2790 2337 2854 ,Θῶν
2383 2791 2646 2855 Θῶντος
2702 2790 2770 2854 ἐκ
2814 2790 3078 2854 πάντων

497 2900 628 2957 τῶν
675 2887 1173 2970 μονοςυλλάβων
1220 2889 1422 2968 μόνον
1468 2893 1839 2966 περιςπᾶται
1884 2890 2311 2969 μιμηςάμενον
2355 2892 2513 2955 κατὰ
2563 2892 2678 2970 τὴν
2721 2892 2923 2955 κλίςιν
2960 2888 3089 2971 τὴν

499 3001 813 3074 ςμῶντος,
857 2994 1174 3072 κλῶντος,
1220 2995 1506 3069 δρῶντος
1551 2991 1884 3068 μετοχήν.-
3113 3010 3181 3059 25

666 3094 760 3159 Τὰ
822 3092 911 3158 εἰς
973 3094 1039 3156 ‘N
1103 3092 1553 3172 μονοςύλλαβα
1610 3093 2031 3172 δικατάληκτα
2095 3093 2416 3177 ὀξύνεται,
2481 3093 2554 3158 ἴν
2618 3093 2707 3176 ἴς,
2776 3094 2896 3173 ῥίν
2964 3094 3079 3176 ῥίς,

499 3197 616 3260 θίν
662 3195 770 3260 θίς.

670 3323 708 3359 α·
752 3297 849 3359 Εἰς
902 3297 987 3359 W
1042 3295 1527 3374 μονοςύλλαβον
1585 3294 1704 3358 οὐκ
1757 3286 1924 3359 ἔςτιν
1978 3298 2222 3374 εὑρεῖν·
2294 3297 2505 3361 πάντα
2547 3299 2670 3376 γὰρ
2723 3298 2886 3376 ὑπὲρ
2932 3294 3091 3377 μίαν

425 3424 432 3435 ·
500 3399 815 3477 ςυλλαβήν
860 3397 1050 3461 ἐςτιν·
1109 3397 1210 3460 διὸ
1265 3398 1379 3474 τὴν
1439 3396 1630 3461 κυνός
1684 3399 1942 3475 γενικὴν
1996 3397 2128 3462 ἀπὸ
2182 3401 2294 3475 τῆς
2345 3400 2579 3464 κύονος
2624 3400 3079 3480 ςυνεκεκόφθαι

427 3576 442 3587 ο
500 3500 743 3580 φαμέν,
792 3500 881 3564 ὡς
925 3499 1030 3561 καὶ
1071 3498 1110 3575 ἡ
1155 3500 1408 3583 κλητικὴ
1453 3501 1753 3576 μαρτυρεῖ
1795 3497 1849 3562 ῶ
1893 3499 2067 3564 κύον.
2721 3528 2731 3545 ·
2866 3548 2869 3553 -
3048 3554 3057 3567 .
3114 3514 3183 3566 30

670 3600 764 3663 Τὰ
820 3600 908 3664 εἰς
953 3588 1037 3666 ἀξ
1081 3601 1529 3681 μονοςύλλαβα
1558 3599 1878 3682 ὀξύνεται,
1925 3601 2142 3668 ςπάξ·
2188 3602 2398 3666 οὕτως
2428 3603 2466 3666 6
2496 3604 2670 3668 κύων
2709 3603 2884 3680 παρὰ
2911 3603 3079 3680 Πέρ-
3134 3600 3153 3616 “

502 3722 662 3781 ςαις,
707 3701 903 3766 πλάξ
916 3712 946 3783 ,’
979 3701 1165 3776 γλάξ
1213 3700 1449 3780 βοτάνη
1492 3702 1993 3785 γαλακτοποιός,
2041 3702 2205 3781 ῥὰξ·
2249 3702 2376 3767 ἔςτι
2420 3706 2490 3768 δὲ
2535 3705 2650 3768 καὶ·
2679 3703 2846 3771 Ῥάξ
2889 3707 3081 3780 νῆςος

500 3876 674 3885 -—-—.-.—

623 3986 670 4035 Ἰ.
716 3991 740 4036 1
781 3988 960 4038 verba
1005 3987 1037 4038 6
1073 3986 1216 4039 Ζεύς
1261 3989 1350 4039 καὶ
1396 3986 1521 4052 Δήν
1568 3992 1800 4055 apposui
1849 4006 1916 4039 ex
1958 3990 2104 4041 Mon.
2148 3991 2185 4045 1.
2223 4008 2296 4053 c.,
2345 3990 2525 4055 ςπλήν
2560 4019 2625 4026 -
2663 3991 2779 4056 ψήν
2825 3990 3082 4055 ἀρςενικά

501 4053 688 4102 addidi
726 4072 794 4105 ex
829 4056 1002 4115 Mon.‚
1037 4055 1145 4119 χήν
1180 4055 1216 4105 1.
1250 4058 1416 4106 2-16
1452 4072 1518 4106 ex
1555 4058 1746 4107 eodem
1780 4059 1900 4108 loco
1936 4058 2154 4122 explevi
2194 4077 2243 4125 p.
2276 4062 2354 4121 15,
2380 4062 2411 4108 8
2450 4060 2522 4111 cf.
2558 4060 2659 4124 Ep.
2689 4062 2776 4109 Cr.
2803 4061 2831 4109 Ι
2852 4062 2970 4121 425,
2996 4063 3078 4121 25,

497 4120 533 4169 1.
561 4123 592 4170 9
630 4118 748 4185 Χήν
772 4122 935 4174 πόλις
962 4124 1167 4173 inserui
1192 4140 1259 4173 ex
1285 4124 1364 4177 St.
1393 4126 1455 4174 Β.
1481 4140 1522 4174 s.
1548 4140 1599 4177 v.
1629 4152 1690 4160 ·-
1718 4124 1867 4177 Ῥών
1888 4128 2127 4176 accessit
2150 4143 2217 4176 ex
2244 4128 2323 4177 St.
2349 4128 2433 4189 Β.,
2473 4125 2628 4176 κλών
2653 4125 2817 4189 πρών
2841 4143 2907 4177 ex
2932 4127 3079 4177 Mon.

500 4190 583 4251 32,
621 4189 655 4238 4
691 4195 748 4238 et
784 4190 1028 4255 Theogn.
1069 4194 1192 4253 131,
1230 4194 1321 4253 22,
1360 4189 1491 4242 Χὼν
1528 4208 1595 4241 ex
1631 4193 1878 4257 Theogn.
1917 4198 1973 4243 et
2011 4193 2091 4243 St.
2128 4195 2219 4255 B.;
2268 4194 2302 4243 l.
2338 4197 2401 4243 21
2440 4193 2594 4256 χθών
2631 4210 2697 4243 ex
2733 4196 2881 4245 Mon.
2919 4197 3012 4255 32,
3048 4198 3082 4244 4

500 4260 557 4306 et
594 4255 862 4322 Theogn.‚
899 4259 964 4310 E.
1002 4259 1139 4308 Gud.
1177 4260 1293 4321 565,
1331 4260 1422 4319 52,
1461 4256 1596 4310 Θών
1632 4276 1696 4310 ex
1735 4263 1881 4310 Mon.
1920 4266 1975 4311 et
2011 4261 2279 4326 Theogn.;
2319 4259 2454 4311 Θῶν
2491 4260 2722 4312 Θῶντος
2761 4261 2979 4327 explevi
3013 4279 3081 4311 ex

499 4324 747 4387 Theogn.
921 4326 957 4380 l.
997 4330 1061 4376 26
1108 4342 1369 4376 canonem
1408 4327 1474 4376 de
1509 4327 1903 4393 monosyllabis
1939 4330 1995 4377 in
2031 4330 2083 4379 {V
2129 4329 2451 4379 exeuntibus
2495 4322 2577 4378 ex'
2610 4329 2855 4393 Theogn.
2897 4332 3012 4390 133,
3050 4332 3081 4379 7

501 4394 683 4455 posui;
721 4392 992 4444 Arcadius
1028 4395 1369 4447 commiscuit
1406 4394 1742 4445 dicatalecta
1779 4397 1835 4445 in
1874 4400 1926 4446 ιν
1959 4399 2011 4447 ἶς’
2047 4412 2167 4446 cnm
2202 4396 2514 4446 nominibus
2540 4397 2656 4447 sola
2692 4398 3080 4447 terminatione

502 4464 546 4511 ii
581 4460 770 4510 finitis.
908 4461 943 4510 1.
967 4464 1034 4513 28
1070 4467 1421 4527 praeceptum
1459 4462 1525 4511 de
1561 4462 1872 4513 nominibus
1906 4467 1964 4514 in
1999 4480 2067 4514 υν
2104 4468 2377 4527 sumptum
2413 4470 2502 4514 est
2538 4480 2605 4514 ex
2629 4464 2875 4530 Theogn.
2904 4467 3025 4524 132,
3048 4465 3082 4514 4

501 4543 700 4594 collato
738 4543 936 4595 Choer.
969 4546 1115 4599 Dict.
1142 4546 1260 4608 283,
1297 4549 1345 4597 3.
1445 4544 1485 4596 1.
1525 4548 1588 4597 31
1625 4547 1895 4599 Arcadius
1922 4550 2103 4599 omnia
2138 4548 2197 4597 in
2233 4548 2259 4599 ξ
2296 4563 2404 4597 uno
2440 4563 2649 4599 canone
2686 4548 3080 4613 complectitur,

502 4611 755 4674 equidem
789 4613 1135 4677 Theognosti
1170 4615 1410 4679 vestigia
1447 4619 1669 4665 secutus
1704 4620 1829 4665 octo
1866 4632 2103 4667 canones
2141 4616 2403 4667 constitui
2428 4616 2721 4666 secundum
2745 4617 2968 4667 vocales
2991 4616 3080 4666 vel

503 4693 872 4761 diphthongos
907 4696 1126 4747 literam
1161 4697 1188 4749 ξ
1225 4704 1575 4763 praeeuntes,
1613 4725 1676 4735 -·
1713 4700 1760 4749 Ε
1797 4702 2108 4751 nominibus
2146 4701 2201 4750 in
2237 4686 2305 4752 αἶ
2338 4700 2608 4750 Arcadius
2650 4700 2790 4751 haec
2824 4701 3078 4765 praebet:

504 4760 672 4824 πλάξ,
711 4761 873 4826 δράξ,
910 4762 1075 4827 γλάξ,
1113 4762 1258 4829 ςάρξ.
1297 4791 1358 4801 -
1397 4763 1562 4829 ςπάξ,
1608 4763 1706 4829 ῥάξ
1752 4767 1925 4817 adieci
1973 4783 2040 4818 ex
2087 4768 2274 4817 Dichr.
2309 4769 2438 4831 284,
2475 4770 2566 4827 203
2614 4770 2750 4818 item
2783 4766 2970 4833 Πράξ,
3011 4768 3078 4819 de

504 4843 608 4893 quo
644 4837 935 4894 praeterea
972 4832 1222 4883 consului
1260 4834 1338 4884 St.
1376 4834 1438 4883 B.
1477 4836 1592 4895 534,
1631 4836 1676 4883 7.
1716 4860 1776 4868 —
1816 4833 1938 4887 Ῥάξ
1977 4837 2254 4904 proprium
2281 4852 2365 4918 ⁴eit
2403 4836 2590 4903 steph.
2626 4838 2759 4901 Byz.
2798 4839 2985 4906 recepi
3022 4843 3081 4891 et
