3664 5546
618 340 746 403 328
1556 336 1638 389 ΕΚ
1677 334 1816 388 ΤΩΝ
1860 333 2269 388 ΗΡΩΔΙΔΝΟΥ

787 509 881 573 Τὰ
935 509 1044 573 διὰ
1091 512 1210 571 τοῦ
1257 510 1386 586 ῖῐῡη
1444 505 1785 585 διςύλλαβα
1843 508 2163 584 μονογενῆ
2220 504 2591 585 βαρύνεται,
2657 504 2803 583 ἄνη
2872 505 2909 583 ἡ
2971 505 3206 587 ἄνυςις,

618 612 909 691 πλάνη,
961 610 1163 687 Κάνη
1207 612 1312 674 καὶ
1358 610 1592 674 Κάναι
1639 606 2020 686 «πολίχνιον
2065 606 2332 684 Λοκρῶν
2378 611 2511 671 τῶν
2555 606 2624 670 ἐκ
2673 605 2883 671 Κύνου
2927 609 3086 671 κατὰ
3129 608 3210 671 τὰ

618 713 778 792 ἄκρα
820 715 933 789 τῆς
976 713 1277 791 Λέςβου».
1352 712 1477 776 ἔςτι
1523 712 1625 774 καὶ
1669 709 1824 788 ὄρος
1870 709 1972 772 καὶ
2017 708 2219 787 λιμήν.
2267 705 2567 788 (τράβων
2599 708 2678 784 ιγ’
2722 710 2815 792 (p.
2849 707 3019 788 615).
3078 709 3205 774 ἔςτι

618 816 721 880 καὶ
763 814 950 880 πόλις
998 814 1192 878 Κάναι
1234 817 1353 878 τοῦ
1398 812 1705 890 Τίγρητος
1751 814 2064 890 ποταμοῦ.
2153 811 2265 875 εἰςὶ
2320 812 2390 873 δὲ
2447 812 2549 874 καὶ
2597 810 2885 875 Κάνναι
2938 811 3044 873 διὰ
3087 811 3209 873 δύο

548 924 582 976 5
617 921 714 980 W.
804 914 1002 994 (άνη
1065 916 1252 981 πόλις
1298 915 1547 997 Θρᾴκης
1612 914 1840 992 μεταξὺ
1895 913 2067 979 Ἄθω
2123 913 2226 977 καὶ
2268 912 2633 990 Παλλήνης.
2721 912 2796 976 τὸ
2868 914 2940 1003 δὲ
3001 913 3210 991 φανή

620 1020 781 1097 παρ’
825 1018 1096 1100 Ἡςιόδῳ
1140 1019 1211 1081 ἐν
1260 1018 1540 1097 δευτέρῳ
1585 1014 1952 1094 εἰρημένον·

1237 1119 1303 1182 οἳ
1345 1119 1579 1196 πρόςθε
1624 1117 1841 1196 φανὴν
1886 1116 2184 1181 ἔντοςθεν
2229 1115 2513 1180 ἔκευθον.

619 1220 927 1289 ὀξύνεται.
983 1222 1056 1286 τὸ
1104 1220 1320 1300 μέντοι
1365 1219 1539 1297 παρὰ
1588 1218 1861 1301 Κορίννῃ
1908 1218 2101 1297 βανά
2148 1217 2227 1281 ού
2259 1219 2481 1283 κοινόν
2528 1216 2683 1282 οὐδὲ
2727 1217 2816 1283 εἰς
2861 1224 2940 1295 νη
2988 1222 3210 1301 λῆγον,

619 1322 788 1387 ἀλλὰ
830 1321 1000 1386 ἴδιον
1046 1322 1205 1401 θέμα
1249 1322 1550 1385 Βοιωτῶν
1595 1320 1983 1399 ταςςόμενον
2028 1318 2170 1382 ἀντὶ
2213 1322 2330 1382 τοῦ
2374 1320 2553 1397 γυνή.

495 1408 585 1484 ’10
789 1424 883 1488 Τὰ
929 1424 1033 1487 διὰ
1076 1427 1194 1487 τοῦ
1239 1426 1360 1499 ἇῡῆ
1407 1425 1727 1501 μονογενῆ
1771 1421 1932 1498 ὑπἐρ
1976 1420 2095 1484 δύο
2138 1422 2452 1501 ςυλλαβάς
2499 1422 2868 1504 βαρύνεται,
2914 1423 3212 1500 θηγάνη

620 1526 658 1603 ἡ
706 1524 939 1607 ἀκόνη,
985 1524 1307 1603 Ἐργάνη
1350 1524 1389 1600 ἡ
1423 1524 1683 1605 Ἀθηνᾶ,
1730 1522 2025 1600 ὁρκάνη
2070 1521 2107 1598 ἡ
2141 1520 2381 1603 εἱρκτή,
2427 1523 2802 1605 ςαργάνη,
2847 1525 3211 1604 πτιςάνη,

622 1626 964 1708 δαπάνη,
1010 1626 1330 1707 λεκάνη,
1378 1625 1704 1705 βοτάνη,
1751 1623 2139 1702 δρεπάνη·
2225 1624 2603 1702 Δρεπάνη
2649 1627 2721 1689 δὲ
2778 1626 3068 1689 ἐκαλεῖτο
3113 1627 3216 1690 καὶ

621 1730 659 1806 ἡ
706 1727 989 1792 Φαιακία.
1046 1727 1170 1792 ἔςτι
1228 1729 1330 1791 καὶ
1372 1725 1600 1791 Λυκίας
1642 1726 1983 1804 Δρεπάνη·
2030 1725 2156 1790 ἔςτι
2201 1726 2304 1789 καὶ
2346 1724 3001 1811 ΔρεπάνηῘΒιθυνίας
3046 1729 3210 1806 πρὸς

622 1836 714 1911 τῷ
771 1829 1124 1912 Ἀςτακηνῷ
1180 1828 1436 1909 κόλπῳ,
1490 1828 1569 1905 ἣν
1625 1876 1913 1891 .......
1964 1829 2155 1907 φηςὶν
2211 1827 2605 1912 ὠνομάςθαι,
2664 1829 2760 1893 ὅτι
2821 1830 3214 1908 «Δρεπάνην

522 1939 586 1990 15
622 1930 933 1996 κλείουςιν
979 1931 1109 1995 ἀπὸ
1160 1930 1471 2009 Κρονίδαο
1518 1928 1776 2006 ςιδήρου
1793 1954 1837 1992 ».
1914 1929 2041 1994 ἔςτι
2086 1932 2189 1994 καὶ
2233 1928 2389 2009 ὄρος
2433 1929 2774 1995 Αἰθιοπίας.
2837 1931 3215 2011 βρυκάνη,

622 2033 996 2111 τρυπάνη.
1085 2030 1431 2109 Λευκάνη
1479 2031 1517 2108 ἡ
1562 2034 1692 2095 τῶν
1737 2030 1997 2095 Λευκῶν
2043 2031 2228 2096 πόλις
2283 2030 2415 2096 άπὸ
2461 2031 2731 2096 Λευκίου
2785 2030 2976 2097 τινός.
3068 2032 3213 2096 Κα-

624 2135 821 2212 τάνη
866 2134 1051 2199 πόλις
1096 2130 1386 2196 (ικελίας.
1453 2131 1779 2196 Ἑκαταῖος
1824 2132 2097 2216 Εὐρώπῃ
2145 2133 2339 2212 «μετὰ
2385 2134 2456 2196 δὲ
2505 2133 2754 2211 Κατάνη
2800 2132 3006 2215 πόλις,
3054 2135 3215 2211 ὑπὲρ

625 2237 699 2300 δὲ
744 2234 899 2313 ὄρος
942 2234 1193 2313 Αἴτνη».
1283 2234 1572 2311 κέκληται
1618 2235 1688 2297 δὲ
1734 2233 1943 2297 οὕτως
1958 2282 1976 2316 ,
2022 2234 2240 2312 ἐπειδὴ
2287 2234 2514 2314 κατέβη
2575 2236 2739 2312 πρὸς
2793 2236 2913 2299 τὸν
2960 2235 3216 2313 Ἀμενα-

624 2337 743 2403 νόν
787 2338 1079 2415 ποταμὸν
1125 2337 1163 2415 ἡ
1210 2335 1568 2399 Θεοκλέους
1612 2338 1729 2399 τοῦ
1778 2318 2139 2400 Χαλκιδέως
2184 2338 2369 2417 ναῦς,
2419 2337 2497 2413 ἣν
2538 2337 2818 2413 Δωριεῖς
2863 2336 3056 2415 χωρὶς
3099 2341 3218 2400 τοῦ

522 2448 590 2497 20
626 2439 662 2503 ῡ
718 2441 838 2504 νᾶν
893 2458 1116 2519 φαςιν,
1175 2438 1212 2515 ἢ
1269 2435 1366 2500 ὅτι
1421 2440 1533 2514 τῆς
1576 2436 1802 2514 Αἴτνης
1861 2438 2295 2516 κατατεθείςης
2363 2438 2438 2501 τὸ
2496 2436 2633 2501 ἄνω
2691 2438 2861 2502 κάτω
2928 2439 3215 2514 γέγονεν.

630 2540 999 2618 Μαςχάνη
1065 2539 1250 2602 πόλις
1314 2538 1478 2616 πρὸς
1545 2542 1676 2603 τῶν
1746 2537 2064 2616 (κηνιτῶν
2130 2538 2432 2619 Ἀράβων.
2548 2540 2965 2617 Κορομάνη
3031 2538 3219 2603 πόλις

625 2642 789 2719 πρὸς
832 2641 949 2704 τὸν
992 2640 1307 2718 Περςικὸν
1353 2638 1617 2704 κόλπον.
1676 2639 2047 2718 Μαλςάνη
2094 2640 2279 2704 πόλις
2324 2644 2435 2717 τῆς
2480 2641 2865 2719 εὐδαίμονος
2911 2641 3217 2720 Ἀραβίας.

626 2741 924 2820 Πιτάνη
980 2742 1167 2807 πόλις
1220 2739 1528 2806 Αἰολίδος.
1628 2738 1914 2820 (ικάνη
1971 2741 2157 2806 πόλις
2221 2741 2510 2826 Ἰβηρίας,
2573 2744 2663 2807 ὡς
2718 2742 3041 2806 Ἑκαταῖος
3105 2742 3220 2806 Εὐ-

630 2845 828 2927 ρώπῃ.
938 2843 1284 2921 Ῥωγάνη
1351 2841 1537 2907 πόλις
1606 2843 1677 2907 ἐν
1743 2848 1818 2926 τῇ
1887 2843 2123 2927 Ἰνδικῇ.
2235 2841 2591 2924 (τεφάνη
2656 2844 2843 2916 πόλις
2910 2843 3218 2907 Φωκίδος.

526 2951 592 3005 25
628 2945 1108 3025 Ταπροβάνη
1153 2947 1345 3023 νῆςος
1392 2944 1640 3023 μεγίςτη
1686 2944 1756 3009 ἐν
1802 2949 1879 3027 τῇ
1925 2945 2145 3027 Ἰνδικῇ
2191 2945 2481 3028 θαλάςςῃ.
2571 2945 2988 3023 Ἀλέξανδρος
3033 2945 3071 3008 ὁ
3117 2947 3224 3008 καὶ

630 3047 881 3126 Λύχνος
2249 3111 2254 3117 ,
3133 3057 3144 3065 ·

1036 3151 1227 3225 νῆςος
1273 3145 1772 3229 τετράπλευρος,
1819 3147 2242 3227 άλιςτέφανος
2287 3148 2675 3228 Ταπροβάνη

1036 3247 1765 3326 θηρονόμοςπέπληθεν
1812 3249 2123 3328 ἑϋρρίνων
2169 3250 2561 3331 ἐλεφάντων.

634 3352 670 3427 ἢ
718 3349 915 3414 πάλαι
974 3351 1088 3428 μὲν
1147 3348 1436 3413 ἐκαλεῖτο
1482 3347 1871 3432 (ιμούνδου,
1927 3355 2046 3416 νῦν
2105 3353 2176 3416 δὲ
2222 3351 2481 3433 (αλική,
2537 3355 2707 3416 πλοῦ
2763 3355 2973 3431 μῆκος.
3063 3350 3225 3416 ούςα

531 3463 598 3516 30
634 3451 888 3538 ἑπτᾴκις
932 3472 1062 3515 που
1107 3449 1328 3527 χιλίων
1375 3451 1674 3534 ςταδίων,
1720 3452 1965 3517 πλάτος
2023 3454 2095 3517 δὲ
2138 3453 2586 3518 πεντακοςίων.
2676 3454 2755 3516 τὰ
2792 3454 2961 3517 αὐτὰ
3007 3455 3078 3518 δὲ
3122 3456 3227 3517 καὶ

634 3553 1090 3630 Ἀρτεμίδωρος
1134 3552 1341 3635 ἐνάτῳ
1385 3555 2010 3632 γεωγραφουμένων.
2097 3553 2403 3633 Τελάνη
2448 3554 2635 3620 πόλις
2680 3553 3065 3634 ἀρχαιοτάτη
3109 3554 3222 3618 (υ-

636 3654 804 3736 ρίας,
850 3654 927 3731 ἣν
975 3654 1123 3735 ᾤκει
1172 3653 1363 3719 Νίνος
1417 3655 1544 3732 πρὸ
1599 3658 1710 3733 τῆς
1758 3655 1956 3721 Νίνου
2013 3655 2282 3720 κτίςεως.
2373 3656 2745 3734 Χανδάνη
2790 3657 2977 3720 πόλις
3022 3656 3222 3719 Ἰαπυ-

635 3755 791 3830 γίας.
881 3754 1204 3819 Ἑκαταῖος
1259 3755 1531 3838 Εὐρώπῃ
1579 3755 1689 3819 «ἐν
1745 3758 1817 3820 δὲ
1877 3757 2175 3835 Χανδάνη
2233 3758 2449 3838 πόλις,
2507 3757 2663 3836 μετὰ
2720 3743 3222 3822 δὲἚΠευκαῑοι».

635 3855 964 3935 Ἀδράνη
1009 3856 1197 3920 πόλις
1244 3856 1521 3937 Θρᾴκης,
1570 3858 1607 3934 ἣ
1653 3859 1878 3937 μικρὸν
1925 3858 2085 3936 ὑπὲρ
2131 3862 2241 3936 τῆς
2287 3858 2619 3937 Βερενίκης
2664 3861 2894 3940 κεῖται,
2942 3859 3031 3923 ὡς
3063 3858 3223 3923 Θεό-

532 3971 596 4022 35
634 3977 907 4037 πομπος.
1005 3957 1333 4037 Πολύβιος
1402 3959 1472 4021 δὲ
1526 3957 1631 4021 διὰ
1683 3961 1801 4022 τοῦ
1856 3962 1893 4036 ῆ
1950 3960 2065 4037 τὴν
2122 3959 2311 4038 μέςην
2368 3959 2538 4035 λέγει
2606 3960 2676 4025 ἐν
2734 3961 3223 4043 τριςκαιδεκάτῃ,

635 4059 922 4137 Ἀδρήνη.
1011 4058 1341 4138 Ἀφάναι
1389 4056 1629 4136 χωρίον
1676 4057 1954 4124 (ικελίας
2007 4059 2280 4144 ἄςημον,
2326 4059 2454 4140 ἀφ’
2499 4060 2578 4126 οὗ
2637 4063 2675 4141 ἡ
2723 4061 2853 4127 «εἰς
2900 4063 3179 4142 Ἀφάνας
3198 4089 3245 4118 »-

639 4378 907 4445 Ἀχάρνας
946 4396 1022 4431 se.
1059 4387 1299 4432 accusat.
1337 4382 1683 4434 scribendum
1721 4385 2060 4450 suspicatur,
2098 4384 2155 4434 id
2193 4383 2338 4449 quod
2375 4383 2658 4450 amplexus
2695 4398 2827 4434 sum.
2986 4384 3023 4437 l.
3058 4388 3090 4434 2
3126 4400 3228 4449 pro

638 4447 788 4514 Κάνη
827 4447 1019 4512 κύριον
1056 4451 1240 4514 posui,
1288 4466 1428 4515 quae
1474 4450 1646 4503 habet
1682 4443 1761 4503 St.
1797 4454 1887 4512 Β.,
1933 4458 2210 4503 caeterum
2254 4454 2363 4502 iam
2409 4458 2539 4502 ante
2577 4451 2935 4503 Schmidtium
2978 4445 3076 4519 Ρτό
3114 4468 3227 4501 eor-

638 4521 796 4582 rupto
846 4514 1030 4582 Κυάνη
1077 4517 1511 4574 emendavetant
1550 4517 1701 4584 Κάνη
1750 4522 1890 4570 Lob.
1936 4519 2121 4570 Rhem.
2159 4523 2259 4571 265
2307 4525 2364 4570 et
2402 4520 2643 4573 Meinek.
2691 4520 2765 4570 ad
2812 4520 2894 4573 St.
2931 4521 2993 4570 B.
3074 4517 3225 4582 Cdvn

641 4601 708 4636 ex
747 4585 828 4634 St.
865 4587 926 4636 B.
965 4585 1201 4650 explevi.
1372 4586 1405 4636 1.
1446 4589 1477 4636 5
1513 4586 1583 4637 τὸ
1621 4586 1682 4638 δὲ
1718 4586 1875 4651 φανή
1913 4603 2085 4653 usque
2124 4588 2193 4637 ad
2229 4587 2390 4637 finem
2426 4587 2612 4641 addidi
2650 4603 2717 4637 ex
2753 4588 2900 4637 Mon.
2940 4589 3019 4650 18,
3057 4590 3138 4637 22.

641 4653 675 4702 1.
720 4654 777 4702 11
816 4651 1060 4717 ςαργάνη
1101 4668 1195 4718 pro
1233 4652 1451 4718 (ωςάνη
1489 4656 1688 4720 scripsi
1725 4672 1791 4705 ex
1827 4659 1972 4706 Mon.
2015 4657 2091 4713 18,
2130 4659 2219 4717 203
2260 4653 2510 4720 δρεπάνη
2548 4655 2733 4705 addidi
2771 4671 2837 4704 ex
2876 4656 3047 4718 Mon„
3084 4654 3227 4718 Δρε-

639 4717 789 4784 πάνη
829 4735 896 4770 ex
936 4723 1014 4771 St.
1057 4722 1144 4781 13.,
1183 4719 1455 4786 βρυκάνη,
1503 4721 1762 4788 τρυπάνη
1801 4739 1869 4773 ex
1906 4723 2077 4785 Mon.,
2114 4720 2369 4786 Λευκάνη
2416 4739 2482 4771 ex
2519 4723 2676 4773 Eust.
2721 4723 2793 4772 ad
2841 4722 3069 4786 Dionys.
3106 4724 3227 4786 362,

639 4787 736 4838 ubi
782 4786 986 4838 diserte
1034 4786 1359 4851 βαρυτόνως
1404 4788 1625 4852 λέγεται
1670 4792 1983 4856 appositum
2032 4796 2140 4851 est,
2190 4787 2411 4854 Κατάνη
2458 4818 2516 4827 -
2570 4788 2863 4855 Παρικάνη
2911 4805 2977 4840 ex
3024 4791 3106 4841 St.
3145 4792 3226 4853 Β.,
