3664 5546
572 328 578 341 '
679 347 904 395 cxvm
1773 341 2191 389 PRAEFATm.

680 502 924 582 ὅμοιον.
971 522 1035 586 p.
1081 497 1240 579 342,
1284 497 1369 561 26
1413 500 1488 564 τὸ
1535 497 1759 577 ἄμεναι
1805 497 1927 576 οὐχ
1972 497 2200 577 ὅμοιον
2249 497 2368 580 (sc.
2402 495 2666 584 reliquis
2715 497 2782 559 in
2823 517 3002 576 μεναι
3045 495 3249 559 infini-

679 602 865 683 tiviS,
924 600 1036 688 qui
1094 608 1210 664 aut
1264 605 1296 664 ἒ
1352 607 1470 663 aut
1523 603 1563 678 ἦ
1617 597 2152 685 praefiniuntur)·
2223 599 2416 664 οὐδὲν
2474 601 2594 678 γὰρ
2650 605 2741 682 τῷ
2787 603 2837 662 ’ἆ
2887 600 3256 692 παραλήγει,

653 706 839 782 ,ὥς-,τε
884 705 1199 781 (υγκοπὲν
1246 703 1316 767 ἐκ
1359 707 1475 766 τοῦ
1520 702 1778 782 ἀέμεναι
1823 703 1925 766 καὶ
1970 701 2223 781 ἐποίηεε
2270 703 2475 766 πάθος
2522 705 2812 780 μονῆρεε.
2876 700 3061 764 Serv.
3095 699 3256 763 Aen.

684 806 780 871 1V
813 805 940 870 402
983 803 1212 868 farris:
1262 801 1469 867 solum
1501 825 1734 868 nomen
1778 801 2083 888 estquod
2127 808 2162 864 f·
2204 802 2491 886 geminet
2520 804 2589 866 in
2619 802 2946 887 genetivo.
2993 801 3256 866 Mona-

682 907 921 972 dicon
964 928 1118 989 ergo
1165 915 1265 969 est
1308 906 1479 969 sicut
1510 904 1642 971 Sol.
1707 905 1876 970 Item
1919 903 2049 969 Cor
2080 904 2312 969 Cordis
2360 902 2566 968 solum
2614 904 2674 968 in
2710 903 2810 968 dis
2842 904 3045 968 mittit
3086 903 3260 988 geni·
3331 985 3353 995 ι

683 1011 910 1074 tivum.
969 1005 1137 1071 Item
1166 1005 1202 1070 Ξ
1230 1008 1518 1092 geminat
1548 1007 1641 1070 As
1675 1006 1888 1071 Assis.
1956 1004 2044 1069 Et
2071 1006 2230 1071 haec
2261 1018 2487 1072 carent
2517 1006 2853 1092 exemplis.
2901 1006 3263 1071 Varronem

683 1133 840 1177 vero
874 1110 971 1174 sic
1008 1108 1187 1195 loqui
1223 1110 1532 1174 observat
1561 1108 1873 1173 Lehrsius
1912 1108 1980 1171 X
2020 1109 2135 1172 181
2175 1132 2239 1195 p.
2273 1107 2400 1172 590
2433 1109 2545 1195 Sp.
2580 1109 2635 1172 si
2679 1107 3133 1193 singularis
3167 1117 3265 1172 est

684 1210 987 1277 vocabuli
1034 1211 1235 1275 series
1278 1234 1486 1298 neque
1532 1211 1731 1276 habet
1775 1234 1922 1274 cum
1968 1233 2098 1298 qua
2126 1211 2494 1297 comparari
2526 1211 2735 1297 possit
2761 1222 2833 1275 ut
2863 1233 3007 1274 esse
3036 1217 3268 1297 putant

686 1315 934 1401 Caput,
994 1313 1277 1399 Capitis,
1336 1312 1594 1400 Capiti,
1654 1313 1911 1399 Capite.
2024 1311 2473 1378 Herodianum
2538 1314 2736 1378 etiam
2804 1312 3006 1378 verbo
3077 1314 3266 1393 μονά-

685 1424 815 1483 Ζειν
861 1414 985 1482 hoc
1043 1413 1381 1480 intellectu
1425 1415 1520 1479 uti
1564 1415 1740 1480 Mon.
1789 1416 1866 1497 8,
1919 1414 1996 1479 18
2054 1417 2311 1496 μονάζει
2358 1417 2482 1496 ἄρα
2534 1417 2610 1480 τὸ
2654 1418 2940 1497 Ἄρτεμι(
2994 1437 3098 1478 me
3158 1435 3272 1500 per

691 1518 919 1583 literas
989 1515 1379 1582 admonuit·
1450 1517 1577 1598 lis,
1644 1518 1757 1603 qui
1812 1516 1895 1581 de
1951 1516 2135 1582 libris
2206 1540 2366 1602 quos
2423 1539 2551 1581 non
2616 1518 3045 1603 inspexerunt
3119 1517 3271 1581 scri-

690 1623 855 1688 bunt
909 1618 1091 1684 velut
1139 1619 1195 1683 is
1247 1619 1358 1706 qui
1401 1620 1469 1682 in
1517 1618 1820 1705 «Pauly's
1877 1617 2592 1706 Realencyclopaedie»
2639 1617 2746 1683 III
2802 1641 2864 1705 p.
2918 1619 3081 1683 1240
3126 1627 3276 1705 post

692 1720 940 1787 editum
984 1722 1114 1785 iam
1163 1743 1203 1784 a
1232 1717 1580 1786 Dindorfio
1626 1719 1868 1786 librum
1914 1724 2061 1801 περὶ
2104 1723 2426 1802 μονήρουε
2472 1723 2702 1790 λέξεως
2732 1744 2879 1786 eum
2926 1721 3008 1785 de
3054 1743 3273 1785 mono-

691 1821 960 1909 syllabis
1006 1845 1202 1908 agere
1230 1824 1655 1910 pronunciat,
1702 1822 1877 1887 haud
1909 1821 2309 1909 superfluum
2352 1833 2451 1887 est
2480 1822 2804 1908 indicare,
2848 1824 3024 1908 quod
3069 1823 3280 1888 obiter

691 1924 1004 1995 Lehrsius
1071 1927 1323 2011 attigit,
1384 1925 1749 1990 Herodiani
1795 1934 2150 1990 tractatum
2214 1947 2336 1990 non
2406 1926 2733 2011 pertinere
2798 1926 2881 1990 ad
2937 1925 3277 2010 syntaxin,

694 2028 876 2091 cuius
920 2027 1093 2113 quod
1136 2026 1504 2114 exemplum
1550 2027 1806 2114 profert
1850 2049 1934 2091 ex
1977 2027 2102 2113 Ep.
2140 2026 2247 2091 Cr.
2295 2028 2329 2092 I
2377 2028 2495 2092 148
2541 2050 2669 2091 non
2715 2037 2815 2092 est
2860 2027 2942 2091 de
2986 2036 3278 2091 constru-

694 2129 942 2211 ctione,
988 2128 1103 2194 sed
1150 2129 1233 2194 de
1279 2128 1782 2216 compositione3
1828 2128 2114 2194 traditur
2143 2130 2315 2193 enim
2346 2129 2439 2195 ibi
2485 2129 2745 2194 tertiam
2776 2151 3125 2216 personam
3156 2131 3281 2195 ἔετι

696 2230 957 2317 quidem
1002 2253 1150 2296 cum
1208 2233 1271 2298 ἐξ
1315 2231 1797 2317 praepositione
1843 2232 2177 2317 componi,
2240 2253 2369 2296 non
2414 2243 2630 2298 tamen
2675 2232 2951 2319 primam
3008 2232 3132 2312 εἰμί
3180 2229 3282 2295 vel

697 2335 1076 2414 secundam,
1133 2356 1341 2420 neque
1399 2334 1570 2397 enim
1613 2333 1804 2414 ἔξειμι
1816 2384 1836 2418 ,
1893 2335 2017 2401 ἔξει
2073 2334 2205 2399 dici
2258 2335 2354 2399 ita
2405 2343 2481 2398 ut
2536 2335 2806 2415 μονῆρέ(
2860 2335 2986 2398 {cn
3042 2337 3119 2400 τό
3167 2334 3286 2413 εἰμί

698 2437 857 2501 κατὰ
910 2435 1197 2504 εύνταξιν
1253 2433 1413 2499 nihil
1471 2434 1651 2500 aliud
1718 2435 1803 2501 sit
1860 2445 2055 2523 atque
2119 2436 2190 2500 in
2251 2436 2699 2524 superioribus
2754 2433 3072 2522 exemplis
3128 2436 3288 2501 κατὰ

700 2539 999 2603 εύνθεειν.

870 2639 1100 2705 Artem
1169 2639 1366 2703 etiam
1428 2641 1766 2708 metricam
1820 2640 2270 2707 Herodianum
2329 2651 2644 2706 tractasse
2714 2639 2868 2704 inde
2933 2638 3286 2726 colligitur,

702 2741 879 2829 quod
924 2764 964 2807 a
1008 2742 1251 2807 Tricha
1294 2742 1466 2809 inter
1508 2744 1810 2809 metricos
1856 2752 2270 2826 numeratur,
2313 2743 2423 2831 qui
2465 2741 2588 2808 hoc
2634 2766 2717 2808 ex
2761 2752 2979 2808 vetere
3026 2741 3287 2808 Scholio

704 2844 790 2908 ad
834 2843 1391 2929 Hephaestionem
1434 2847 1793 2932 sumpsisse
1836 2847 2133 2928 videtur,
2180 2846 2295 2911 sed
2340 2844 2503 2909 nihil
2544 2845 2735 2911 huius
2765 2846 3020 2931 generis
3062 2854 3290 2909 restat.

704 2944 788 3011 cf.
834 2942 1185 3033 Westphal
1227 2947 1484 3012 Metrie.
1531 2946 1602 3011 II
1645 2948 1687 3010 2
1729 2970 1794 3033 p.
1843 2948 1947 3012 39.
2839 3024 2855 3037 .

876 3047 1066 3128 Quod
1112 3050 1180 3112 in
1226 3047 1712 3132 Prolegomenis
1760 3048 1842 3112 de
1878 3048 2237 3114 Comoedia
2278 3048 2489 3114 Schol.
2524 3048 2861 3135 Aristoph.
2897 3049 3073 3113 XIX
3118 3050 3291 3115 ὕσε-

708 3172 826 3231 ρον
870 3152 1105 3217 ταύτας
1145 3150 1259 3216 τὰς
1305 3151 1592 3230 εκηνικάε
1645 3173 1712 3216 τε
1766 3154 1871 3218 καὶ
1924 3152 2252 3231 ποιητικὰ(
2306 3151 2425 3235 (sc.
2473 3152 2754 3235 βίβλους)
2807 3155 3107 3217 πλεῖετον
3155 3152 3291 3230 ἐξη-
3378 3146 3379 3149 '

708 3253 986 3331 γήεαντο
1016 3253 1306 3333 Δίδυμος
1336 3252 1617 3332 Τρύφων
1652 3254 2086 3320 Ἀπολλώνιος
2130 3255 2608 3333 Ἡρωδιανὸς
2651 3256 3051 3334 Πτολεμαῖος
3080 3254 3294 3319 Ἀεκα-

710 3354 979 3432 λωνίτηε
1023 3356 1150 3418 κτλ.
1194 3389 1281 3400 --
1333 3353 1617 3418 traditur
1661 3354 2077 3419 Herodianus
2137 3364 2364 3442 poetas
2422 3357 2885 3441 interpretatus
2937 3376 3113 3436 esse,
3173 3354 3299 3420 hoc

708 3477 839 3519 non
885 3452 965 3518 de
1010 3453 1451 3541 peculiaribus
1497 3457 1980 3521 commentariis
2036 3457 2105 3520 in
2151 3467 2379 3543 poetas
2425 3457 2929 3543 intellegendum
2984 3467 3117 3539 est,
3180 3457 3298 3521 sed

714 3554 795 3619 de
840 3558 1097 3643 scriptis
1142 3556 1619 3641 grammaticis,
1677 3557 1745 3621 in
1801 3558 2039 3646 quibus
2087 3558 2533 3640 Herodianus,
2591 3582 2787 3647 quum
2843 3558 3018 3624 locos
3073 3568 3299 3645 poeta-

711 3680 854 3722 rum
900 3657 985 3722 ad
1037 3657 1400 3724 doctrinam
1455 3661 1945 3745 grammaticam
2002 3661 2460 3727 illustrandam
2517 3660 2884 3743 adhiberet,
2942 3684 3058 3747 per
3110 3683 3296 3726 occa·

714 3761 963 3824 sionem
1008 3762 1203 3825 etiam
1250 3761 1525 3827 multum
1568 3763 1653 3827 ad
1697 3776 1923 3850 poetas
1969 3764 2396 3852 explicandos
2444 3763 2734 3828 contulit.

880 3861 916 3899 ²²²
959 3861 1282 3946 Fuerunt,
1341 3865 1450 3950 qui
1508 3888 1592 3930 ex
1635 3866 1850 3931 Schol.
1899 3868 1959 3932 V
2003 3866 2088 3931 ad
2134 3865 2214 3932 Il.
2263 3870 2309 3933 Η
2357 3866 2509 3930 238:
2573 3865 2636 3931 αἱ
2681 3866 3087 3946 Ἀριετάρχου
3142 3872 3299 3949 βῶν,

714 3965 752 4043 ἡ
799 3965 1297 4047 Ἀριετοφάνουε
1343 3973 1530 4051 βοῦν,
1586 3970 1625 4048 ἡ
1669 3968 2071 4049 Ἡρωδιανοῦ
2127 3975 2219 4050 βῶ
2268 3970 2357 4034 ὡ(
2402 3970 2670 4052 βορέαο,
2717 3970 2923 4049 βορέω
2976 3970 3091 4033 ὑπ’
3138 3970 3299 4052 ἰωγῇ

717 4065 874 4149 (Od.
919 4075 950 4135 ξ
994 4067 1148 4153 533)
1208 4080 1274 4134 et
1330 4092 1414 4133 ex
1465 4069 1581 4134 BL
1639 4069 1724 4134 ad
1772 4073 1819 4136 Η
1866 4070 1991 4136 353
2044 4072 2120 4136 τὸ
2171 4070 2281 4136 ἵνα
2339 4070 2479 4136 ἀντὶ
2534 4075 2650 4135 τοῦ
2705 4071 2818 4136 ἐάν
2874 4073 3048 4150 παρὰ
3093 4071 3298 4151 Ἡρω-

717 4174 944 4254 διανῷ,
1014 4169 1476 4237 concluderent
1540 4172 1624 4236 ab
1682 4171 2059 4237 Herodiano
2126 4178 2438 4237 editionem
2493 4177 2745 4236 Homeri
2793 4181 3089 4257 paratam
3152 4195 3299 4237 esse

719 4271 806 4356 (v.
855 4270 1040 4336 Foltz
1089 4272 1520 4353 Quaestiones
1578 4272 2034 4338 Herodianeae
2088 4297 2149 4358 p.
2201 4274 2302 4358 7);
2357 4275 2471 4338 sed
2517 4272 2885 4339 Beccardus
2932 4272 3013 4338 de
3060 4272 3298 4339 Scholl.

719 4374 929 4439 Venn.
975 4396 1039 4459 p.
1070 4374 1186 4453 46,
1232 4382 1304 4437 ut
1347 4396 1430 4438 ex
1460 4373 1933 4458 Sengebusehii
1963 4376 2423 4441 dissertatione
2457 4376 2668 4461 priore
2712 4375 3075 4462 comperio,
3122 4386 3301 4441 recte

721 4472 1058 4542 contendit
1114 4475 1214 4538 his
1276 4473 1528 4541 duobus
1583 4475 1846 4542 scholiis
1904 4475 2148 4541 nullam
2201 4477 2397 4541 fidem
2451 4476 2820 4542 habendam
2876 4501 3042 4544 esse.
3132 4479 3301 4545 Nam

721 4589 1068 4662 utrumque
1123 4575 1439 4642 scholium
1497 4576 1926 4663 depravatum
1985 4590 2086 4645 est
2138 4603 2221 4645 ex
2276 4579 2536 4645 scholiis
2583 4579 2823 4644 codicis
2869 4581 2953 4645 A.
3043 4581 3123 4645 In
3173 4603 3300 4669 quo

861 4800 890 4832 *
931 4802 1090 4851 Haec
1125 4801 1359 4867 primum
1396 4800 1656 4865 evulgavi
1691 4801 1749 4851 in
1787 4800 1984 4855 Philol.
2020 4802 2149 4853 XXI
2186 4819 2237 4869 p.
2274 4806 2401 4865 390;
2439 4818 2583 4853 nunc
2620 4803 2889 4869 quaedam
2925 4805 3230 4856 emendavi.
