3664 5546
1525 431 1942 479 PRAEFATIO.
2855 425 3019 474 CCIII

446 584 657 665 κρίκος
704 595 767 650 et
811 586 1023 663 κίρκος
1068 605 1215 648 cum
1247 584 1492 649 Herod.
1540 585 1610 647 in
1654 585 1732 649 E.
1777 584 1869 649 M.
1915 586 2074 667 538,
2118 584 2233 665 42,
2280 585 2480 664 ἄρρην
2526 594 2592 649 et
2635 583 2832 665 ἄρςην
2875 604 3022 646 cum

447 687 693 752 Herod.
739 686 809 750 in
852 685 930 750 E.
978 685 1069 751 M.
1122 686 1269 766 149,
1315 686 1431 767 41,
1487 688 1840 768 ἁματροχιά
1894 697 1960 751 et
2014 687 2407 768 ἁρματροχιά
2460 708 2608 749 cum
2650 686 2730 749 E.
2775 683 2867 749 M.
2914 685 3021 767 79,

447 790 532 854 32
578 800 642 855 et
691 789 831 870 145,
885 790 980 869 14,
1029 791 1474 871 μεμορυχμένα
1517 810 1662 853 cum
1693 790 1885 854 Eust.
1918 790 2001 853 ad
2034 790 2156 855 Od.
2192 812 2230 855 ν
2273 788 2421 868 435,
2471 788 2913 853 Μεταπόντιος
2958 796 3024 851 et

451 893 818 974 Μετάβολοι
850 893 892 955 i.
925 913 981 955 e.
1017 893 1295 973 Μέταβοι
1326 915 1471 956 cum
1503 892 1597 957 St.
1623 892 1724 973 Β.,
1755 894 2056 971 Ἄμαντοι
2090 892 2162 975 (i.
2189 914 2245 955 e.
2275 890 2609 976 Ἄμαντες)
2642 912 2789 954 cum
2820 889 2912 955 St.
2947 889 3022 954 B.

446 996 522 1075 3,
567 994 682 1076 20,
742 995 895 1074 κνίψ
941 1004 1008 1058 et
1052 993 1235 1074 ςκνίψ
1282 1016 1430 1058 curn
1474 992 1704 1058 Choer.
1750 994 1909 1073 258,
1961 994 2056 1074 17,
2104 995 2381 1077 Ὀπικοί,
2438 995 2688 1074 Ὀφικοί
2733 1014 2881 1055 cum
2927 991 3019 1056 St.

447 1097 549 1179 Β.,
600 1098 934 1176 Κράπαθος
981 1106 1047 1161 et
1095 1097 1430 1175 Κάρπαθος
1475 1118 1622 1160 cum
1669 1096 1762 1160 St.
1807 1096 1924 1177 Β.,
1980 1097 2247 1176 γναθμοί
2300 1097 2525 1173 γνάθοι
2585 1116 2731 1158 cum
2773 1092 3017 1158 Herod.

447 1199 519 1263 in
563 1197 641 1261 E.
676 1198 766 1263 M.
798 1198 945 1279 236,
991 1199 1055 1279 4,
1102 1199 1516 1282 γνάφαλλον,
1562 1201 1938 1280 κνάφαλλον
1982 1201 2352 1280 κνέφαλλον
2395 1218 2542 1261 cum
2572 1195 2815 1261 Herod.
2846 1196 3023 1260 Mon.

448 1300 564 1380 39,
614 1301 723 1382 12,
782 1302 1077 1386 ἰςχανάᾳ,
1133 1302 1566 1385 ἰςχανάαςθαι,
1613 1302 2007 1381 ἰςχανόωντο
2054 1309 2117 1364 et
2161 1302 2375 1380 ἰχανᾶ,
2423 1301 2677 1381 ἰχανᾶν,
2724 1300 3024 1382 ἰχανόων,

451 1403 758 1487 ἰχανῶςα,
805 1404 1004 1482 ἰχανῶ
1048 1425 1194 1466 cum
1240 1402 1472 1468 Choer.
1517 1403 1675 1482 223,
1727 1402 1805 1466 12
1851 1412 1915 1466 et
1960 1402 2053 1467 St.
2102 1403 2180 1466 B.
2227 1424 2279 1466 s.
2322 1403 2553 1481 Ἴχανα.
2619 1401 2796 1464 Hinc
2839 1398 3024 1465 intel-

450 1502 715 1588 legitur,
775 1504 889 1569 ubi
935 1503 1303 1592 Hesychius
1348 1503 1620 1569 alteram
1664 1505 1861 1568 etiam
1906 1503 2212 1570 vocabuli
2256 1502 2538 1589 speciem
2585 1501 2803 1583 affert,
2858 1524 3027 1588 quae

449 1627 490 1670 a
535 1603 798 1693 reliquis
846 1606 1382 1692 epitomatoribus
1431 1608 1671 1670 omissa
1715 1616 1845 1687 est,
1904 1606 2102 1670 etiam
2158 1628 2301 1670 eam
2345 1606 2427 1671 ab
2472 1604 2849 1670 Herodiano
2896 1626 3025 1669 me-

449 1716 772 1772 moratam
816 1707 1043 1773 fuisse.
1135 1708 1228 1773 St.
1262 1709 1339 1772 B.
1387 1706 1584 1773 habet
1625 1716 1877 1773 tantum
1924 1709 2212 1793 Ἐορδός,
2258 1707 2417 1771 Hes.
2461 1708 2725 1786 ’Έορτος
2768 1708 2807 1786 ἢ
2854 1708 3027 1785 Ἐορ-

453 1809 595 1891 δόςς
654 1809 749 1874 St.
794 1810 873 1874 B.
919 1808 1129 1875 solum
1173 1812 1422 1893 Πέρνη,
1476 1810 1636 1875 HeS.
1695 1820 1760 1874 et
1815 1812 2033 1890 Πέρνη
2091 1820 2155 1873 et
2207 1812 2493 1892 Πτέρνη,
2548 1809 2704 1872 Arc.
2756 1809 2897 1885 107,
2944 1809 3029 1871 24

451 1912 644 1975 modo
691 1900 898 1997 ςίγλη,
942 1913 1100 1976 Hes.
1151 1914 1348 1989 ςίγλαι
1395 1921 1461 1976 et
1505 1916 1729 1996 ςίκλαι,
1776 1912 1872 1976 St.
1906 1913 1982 1976 B.
2017 1934 2213 1976 unam
2258 1912 2535 1976 formam
2570 1912 2773 1987 Ὄγκα
2817 1910 3025 1990 affert,

451 2013 611 2078 HeS.
656 2024 997 2099 praeterea
1038 2016 1262 2091 Ὄγγα.
1350 2012 1594 2078 Contra
1636 2014 1703 2078 in
1747 2012 1892 2077 aliis
1938 2014 2230 2078 fontibus
2277 2013 2566 2099 duplices
2623 2013 2873 2078 formae
2918 2035 3026 2078 ex-

451 2114 780 2196 hibentur,
828 2138 932 2201 ap.
978 2116 1264 2200 Hes-veh.
1309 2139 1440 2181 una
1483 2125 1766 2180 tantum:
1817 2117 1912 2181 St.
1946 2116 2018 2179 B.
2057 2118 2348 2182 Καλύδνα
2393 2126 2456 2180 et
2504 2117 2821 2196 Καλύμνα,
2866 2116 3026 2180 Hes.

453 2227 704 2282 tantum
752 2219 1074 2301 Καλύδνας
1121 2220 1216 2282 St.
1248 2218 1321 2283 B.
1358 2220 1706 2284 Καςταναία
1749 2227 1815 2281 et
1860 2220 2242 2302 Καςθαναία,
2288 2219 2447 2282 Hes.
2496 2226 2747 2281 tantum
2796 2220 3027 2284 Καςθα-

453 2320 629 2400 ναία;
694 2319 983 2406 Hesych.
1030 2343 1176 2384 cum
1237 2320 1332 2385 St.
1377 2319 1455 2383 B.
1514 2320 1704 2386 modo
1766 2322 2149 2407 Χαλκηδών,
2207 2321 2441 2386 Choer.
2498 2320 2675 2384 Dict.
2732 2320 2889 2401 341,
2954 2319 3031 2383 19

459 2423 805 2502 Καλχηδών
851 2431 918 2487 et
962 2423 1330 2502 Χαλκηδών.

621 2523 922 2610 Denique
967 2534 1038 2588 ut
1095 2521 1417 2588 vocalium
1472 2523 1668 2589 etiam
1713 2525 2201 2591 vicissitudines
2260 2527 2342 2590 ab
2388 2525 2766 2591 Herodiano
2811 2524 3028 2589 obser-

454 2634 640 2689 vatas
682 2627 767 2690 ab
813 2624 1143 2712 Hesychio
1189 2624 1426 2690 relatas
1471 2649 1612 2691 esse
1644 2627 2115 2708 demonstrem,
2162 2626 2473 2691 nonnulla
2504 2626 2823 2692 vocabula
2866 2649 3031 2713 quae

456 2728 712 2793 diverse
769 2728 1012 2816 scripta
1066 2727 1148 2794 ab
1195 2728 1570 2794 Herodiano
1626 2728 1904 2794 diversis
1963 2729 2120 2795 locis
2176 2738 2625 2817 proponuntur
2680 2728 2764 2794 ab
2818 2729 3032 2815 Hesy-

453 2830 632 2911 chio,
680 2831 746 2894 in
790 2840 1204 2917 conspectum
1251 2831 1515 2896 ducam:
1564 2833 1847 2914 αἱμνίον,
1894 2832 2120 2912 ἀμνίον
2165 2833 2395 2912 δάμνια
2424 2830 2669 2896 Herod.
2716 2832 2782 2894 in
2814 2829 3031 2895 Schol.
3111 2906 3131 2918 ἱ

454 2931 542 2996 ad
587 2930 710 2996 Od.
757 2953 796 3008 γ
839 2932 997 3013 444,
1044 2933 1345 2998 Eustath.
1382 2933 1578 3014 1476,
1623 2933 1738 3013 40,
1787 2933 1865 2996 Ε.
1898 2933 1989 2996 M.
2022 2935 2135 3014 84,
2187 2934 2299 3018 14;
2344 2935 2700 3013 ἀπερείςιος
2746 2942 2811 2996 et
2854 2934 3031 2998 ἀπει-

456 3035 663 3113 ρέςιος
706 3032 938 3098 Choer.
972 3035 1161 3099 Orth.
1198 3035 1351 3116 180,
1396 3035 1512 3115 26,
1560 3035 1685 3121 Ep.
1729 3035 1838 3099 Cr.
1884 3034 1919 3099 I
1947 3036 2063 3116 22,
2112 3037 2182 3118 63
2229 3037 2563 3102 δοιάςςατο
2609 3047 2674 3099 et
2719 3036 3030 3101 δοάςςατο

425 3135 702 3200 -Herod.
747 3135 814 3200 in
859 3136 939 3199 E.
983 3137 1076 3201 M.
1119 3136 1276 3218 281,
1324 3137 1439 3218 33;
1504 3138 1651 3203 κείω
1708 3149 1772 3202 et
1824 3141 1949 3222 κέω
1995 3138 2229 3203 Choer.
2275 3139 2430 3218 232,
2477 3138 2589 3217 333
2651 3139 3033 3216 Κερκυραῖος

455 3251 522 3302 et
570 3240 962 3317 Κορκυραῖος
1007 3239 1096 3302 St.
1144 3239 1252 3320 B.;
1310 3241 1655 3318 κοράλλιον
1701 3249 1768 3303 et
1810 3245 2161 3319 κωραλλεῑς
2208 3241 2440 3305 Choer.
2488 3237 2644 3318 228,
2698 3240 2804 3320 15;
2862 3241 3032 3319 μίτυ-

457 3345 571 3406 λος
615 3349 680 3404 et
722 3341 983 3421 μύτιλος
1026 3342 1182 3404 Arc.
1229 3341 1344 3422 55,
1392 3342 1505 3423 233
1551 3343 1712 3425 πόα,
1758 3344 1944 3426 ποία,
1990 3344 2142 3423 ποίη
2189 3345 2340 3406 Arc.
2377 3341 2531 3422 100,
2585 3340 2692 3422 16,
2738 3340 3034 3426 Theogn.

460 3443 616 3524 106,
680 3443 787 3525 1ος
853 3443 1165 3523 τροφαλίς
1221 3442 1469 3508 Herod.
1529 3467 1633 3529 ap.
1689 3444 1993 3509 Eustath.
2049 3445 2206 3524 620,
2271 3444 2378 3524 14,
2437 3446 2748 3525 τρυφαλίς
2803 3443 3034 3509 Dichr.

455 3545 612 3625 299,
663 3545 772 3626 16;
831 3546 1100 3625 φιλητής
1156 3554 1221 3609 et
1278 3548 1564 3627 φηλητής
1620 3545 1852 3610 Choer.
1900 3546 2054 3625 27],
2101 3547 2184 3610 39
2240 3545 2390 3610 licet
2444 3545 2768 3631 posterius
2825 3544 3033 3610 Hero-

456 3646 689 3709 dianus
763 3648 1264 3732 praeoptaverit.
1353 3648 1646 3727 Τόμαρος
1710 3657 1777 3712 et
1843 3650 2096 3728 Τμάρος
2161 3649 2256 3712 St.
2312 3649 2389 3711 B.
2492 3645 2667 3711 Hinc
2734 3647 3036 3712 concludi

456 3759 705 3836 potest,
752 3771 952 3833 quum
1000 3748 1093 3812 St.
1125 3749 1201 3812 B.
1251 3759 1502 3814 tantum
1535 3753 1844 3831 Τεγηςςός
1875 3750 2195 3838 proferat,
2244 3749 2402 3813 Hes.
2435 3760 2654 3814 autem
2698 3759 3037 3835 praeterea

455 3850 785 3933 Τειγηςός,
841 3849 1006 3912 hanc
1060 3848 1330 3914 alteram
1387 3853 1567 3916 vocis
1626 3855 1907 3937 speciem
1962 3875 2134 3935 esse,
2192 3862 2258 3915 et
2304 3874 2499 3937 quum
2544 3852 2700 3914 Arc.
2758 3850 2906 3930 121,
2953 3850 3033 3915 21

457 3943 627 4017 πύον
684 3954 757 4017 τὸ
816 3953 1064 4031 ἔμπυον
1121 3952 1388 4033 habeat,
1445 3953 1603 4017 Hes.
1659 3978 1814 4019 vero
1861 3957 2029 4020 πυόν
2086 3964 2152 4018 et
2195 3956 2418 4037 πυιόν,
2472 3953 2599 4018 hoc
2642 3950 3035 4017 vocabulum

457 4053 656 4118 etiam
699 4075 817 4139 per
870 4061 930 4120 υὶ
976 4054 1292 4140 scriptum
1338 4078 1502 4135 esse,
1555 4079 1764 4143 neque
1811 4055 2103 4136 offendit,
2150 4055 2325 4141 quod
2370 4054 2466 4119 St.
2512 4055 2590 4118 B.
2637 4056 2848 4119 κώους
2894 4075 3035 4137 pro-

457 4153 620 4235 fert,
668 4154 825 4220 Hes.
873 4179 1028 4220 vero
1073 4159 1215 4222 κόοι
1261 4158 1323 4222 οἱ
1368 4159 1677 4240 χάςματα,
1731 4181 1930 4244 quum
1973 4156 2332 4221 viderimus
2389 4157 2647 4241 saepius
2694 4156 2779 4219 ab
2824 4154 3034 4241 Hesy-

458 4257 605 4322 chio
655 4280 848 4322 unam
893 4269 1146 4322 tantum
1191 4282 1274 4323 ex
1320 4259 1599 4323 diversis
1645 4259 1873 4324 formis
1928 4260 2332 4345 propositam
2378 4281 2543 4323 esse.
2630 4257 2813 4322 Idem
2860 4256 3038 4321 valet

460 4357 543 4422 de
588 4359 963 4438 (υρακόςιος
1014 4359 1207 4443 Hes.,
1266 4360 1438 4448 quod
1483 4361 1774 4444 Theogn.
1819 4361 1933 4443 56,
1979 4360 2062 4423 28
2116 4359 2563 4424 Herodianum
2622 4360 3035 4440 Cvpotxdcctoc

459 4460 805 4547 scripsisse
861 4461 1089 4540 tradit,
1160 4484 1308 4525 nam
1365 4486 1469 4548 ap.
1529 4464 1623 4527 St.
1686 4463 1761 4525 B.
1827 4463 2022 4526 etiam
2088 4462 2282 4526 tertia
2348 4464 2555 4526 forma
2616 4462 3036 4540 (υρακούςιος

459 4563 797 4648 reperitur.
887 4562 1227 4629 Interdum
1282 4563 1653 4651 Hesychius
1710 4585 1837 4627 uno
1895 4563 2036 4626 loco
2093 4562 2389 4627 diversas
2449 4564 2798 4648 scripturas
2854 4563 3033 4627 vocis

461 4673 775 4729 memorat
829 4688 977 4729 cum
1021 4666 1398 4731 Herodiano
1455 4664 1870 4730 consentiens
1928 4671 2250 4747 βομβῶνες
2309 4672 2628 4747 βουβῶνες
2671 4664 2917 4728 Herod.
2967 4666 3035 4728 in

462 4763 653 4828 Cath.
700 4767 768 4829 in
812 4766 891 4830 E.
936 4766 1025 4830 M.
1073 4767 1230 4847 206,
1278 4769 1393 4848 56,
1449 4769 1759 4846 πάρδαλις
1815 4768 2125 4846 πόρδαλις
2181 4767 2425 4832 Herod.
2489 4788 2590 4850 ap.
2651 4764 2839 4828 Eust.
2887 4765 3032 4846 890,
3072 4809 3087 4836 ι

462 4865 538 4948 9,
583 4872 770 4934 ποεῖν
820 4872 1030 4937 ποιεῖν
1074 4868 1320 4932 Herod.
1377 4870 1443 4932 in
1487 4869 1565 4936 E.
1612 4868 1701 4932 M.
1748 4868 1905 4954 679,
1951 4869 2034 4933 25
2078 4867 2248 4938 unde
2294 4867 2761 4934 coniectaveris
2806 4891 2890 4932 ex
2944 4867 3032 4955 gl.
