3664 5546
702 349 871 395 cvm
1772 346 2187 395 PRAEFATIO.
3078 313 3108 348 ⁹

701 501 942 586 signita
986 510 1136 566 sunt
1179 512 1244 567 et
1287 523 1396 583 ea,
1454 524 1618 587 quae
1661 500 1810 566 libri
1855 499 2043 565 titulo
2089 500 2401 567 destituta
2444 500 2528 565 ad
2584 502 2860 565 nominis
2905 502 3255 566 doctrinam

701 611 1002 689 spectant
1042 614 1320 688 excepta
1374 601 1820 668 declinatione.
1911 602 2037 667 His
2095 603 2412 668 absolutis
2460 603 2766 688 subsequi
2818 604 2979 668 iussi
3029 627 3105 667 ca
3147 602 3255 666 ad-

698 714 1103 788 notamenta,
1158 728 1323 792 quae
1377 706 1447 768 in
1491 704 1924 771 Choerobosci
1968 705 2252 772 Dictatis
2309 705 2394 770 ad
2438 706 2607 770 hunc
2662 705 2897 770 librum
2942 706 3257 790 pertinere

697 807 1118 891 videbantur,
1176 807 1536 894 composita
1590 830 1736 872 cum
1781 808 2147 895 praeceptis
2162 856 2180 890 ,
2237 830 2400 894 quae
2455 809 2522 872 in
2567 807 2711 872 aliis
2766 809 3257 894 epitomatorum

699 920 763 974 et
806 910 874 974 in
917 909 1185 997 reliquis
1234 910 1592 976 Herodiani
1636 911 1842 996 ipsius
1888 910 2147 996 scriptis
2193 919 2453 975 servata
2497 919 2663 975 sunt.

1326 1079 1524 1145 XIII.
1611 1083 1805 1161 Περὶ
1848 1081 2162 1147 κλίεεωε
2207 1080 2639 1161 ὀνομάτων.

864 1217 1038 1283 Huic
1082 1218 1249 1283 libro
1293 1218 1554 1304 praeter
1596 1216 1963 1300 fragmenta
2006 1214 2191 1281 titulo
2237 1216 2550 1302 inscripta
2591 1216 2927 1301 assignavi
2958 1225 3263 1306 excerpta

697 1323 765 1384 in
819 1322 947 1384 An.
993 1321 1119 1385 Ox.
1166 1319 1262 1384 IV
1305 1320 1463 1400 333,
1509 1318 1720 1383 6-28
1777 1319 1901 1384 sub
1956 1316 2142 1384 titulo
2198 1319 2465 1399 ἐπιτομὴ
2519 1325 2649 1386 τῶν
2705 1320 3102 1400 ὀνοματικῶν
3157 1341 3260 1385 κα-

699 1424 913 1490 νόνων
960 1424 1036 1488 ἐκν
1069 1428 1199 1488 τῶν
1230 1421 1625 1500 Ἠρωδιανοῦ
1670 1419 1878 1502 edita,
1925 1443 2089 1506 quae
2121 1442 2203 1483 ex
2232 1422 2561 1506 prooemio
2594 1419 2783 1485 huius
2813 1420 2965 1485 libri
2992 1420 3260 1485 Lebrsio

700 1524 1031 1609 exscripta
1074 1522 1400 1588 videntur.
1469 1522 1655 1603 Quae
1699 1523 1865 1586 hanc
1908 1521 2226 1614 epitomen
2272 1532 2632 1608 sequuntur
2677 1546 2717 1586 a
2758 1521 2801 1586 l.
2832 1523 3083 1608 29—p.
3117 1523 3260 1603 338,

705 1628 809 1698 11,
868 1647 1032 1712 quae
1084 1623 1392 1689 Lehrsius
1451 1623 1537 1689 ad
1593 1623 1948 1689 Herodian.
1996 1622 2171 1690 Mon.
2226 1625 2333 1706 14,
2379 1625 2463 1689 32
2517 1624 2878 1691 Herodiani
2933 1647 3077 1689 esse
3128 1625 3263 1688 iure

700 1727 859 1792 dicit
905 1730 1082 1812 (nam
1126 1735 1192 1790 et
1233 1749 1336 1790 res
1373 1735 1438 1790 et
1482 1727 1686 1791 verba
1727 1749 1785 1790 e.
1817 1747 1878 1809 g.
1924 1745 2057 1789 vox
2102 1729 2737 1812 ευνεεχηματιεμένα,
2766 1750 2976 1814 ,quam
3020 1727 3265 1791 frustra

700 1829 874 1917 apud
920 1827 1119 1894 alium
1161 1825 1659 1913 grammaticum
1705 1849 2009 1915 quaeraS,
2069 1827 2185 1892 sed
2239 1827 2345 1893 hic
2398 1836 2462 1892 et
2506 1829 2571 1892 in
2615 1828 2792 1894 Mon.
2839 1829 2882 1893 l.
2928 1851 2982 1894 c.
3025 1828 3263 1915 reperi-

697 1942 835 2013 tur,
881 1941 1033 1996 sunt
1060 1929 1488 2017 Herodiani),
1536 1930 1730 1994 etiarn
1774 1927 1936 1993 haec
1979 1930 2148 1996 inter
2191 1929 2558 2014 fragmenta
2602 1930 2849 2017 recepi,
2899 1929 3015 1995 sed
3058 1932 3154 1996 ita
3196 1940 3268 1995 ut

699 2033 992 2099 ordinem
1034 2032 1475 2113 restituerem,
1540 2053 1665 2117 quo
1723 2054 1826 2095 res
1874 2041 2189 2097 tractatas
2236 2054 2378 2096 esse
2436 2032 2694 2097 scimuS.
2785 2032 2894 2098 Ex
2939 2032 3264 2119 Stephano

700 2135 870 2199 enim
919 2134 1239 2221 Byzantio
1285 2157 1338 2200 s.
1386 2135 1603 2214 Βρίγες
1648 2134 2080 2220 comperimus
2124 2135 2193 2197 in
2236 2133 2442 2220 primo
2499 2133 2702 2214 libro,
2760 2158 2886 2222 quo
2941 2134 3267 2199 indicatur

699 2237 901 2302 etiam
955 2259 1115 2323 opus
1181 2236 1249 2299 in
1316 2235 1534 2322 plures
1589 2233 1792 2300 libros
1852 2235 2272 2301 distributum
2327 2235 2564 2317 fuisse,
2629 2238 2891 2301 nomina
2941 2236 3008 2300 in
3073 2242 3157 2302 ἇῖ
3198 2236 3264 2299 in

698 2362 974 2404 examen
1018 2349 1256 2404 vocata
1297 2360 1468 2419 esse,
1515 2359 1599 2401 ex
1644 2337 1966 2403 Choerob.
2010 2360 2074 2423 p.
2113 2337 2226 2402 197
2274 2336 2463 2402 haec:
2514 2340 2551 2404 ὁ
2582 2339 3002 2423 Ἡρωδιανόε,
3049 2340 3265 2418 ἐπειδὴ

699 2443 853 2523 μετὰ
895 2443 970 2507 τὸ
1016 2447 1066 2506 ἃ
1109 2443 1372 2522 φωνῆέν
1418 2441 1543 2506 ἐετι
1583 2441 1658 2505 τὸ
1703 2443 1765 2524 ἒ,
1812 2442 1965 2520 μετὰ
2009 2441 2087 2505 τὰ
2130 2440 2218 2505 εἰ(
2263 2446 2343 2504 ἇῐ
2390 2442 2639 2523 διέλαβε
2682 2443 2828 2520 περὶ
2870 2449 3000 2507 τῶν
3047 2441 3135 2507 εἰς
3180 2446 3267 2506 εἰ(

697 2553 828 2611 τῶν
875 2544 978 2609 διὰ
1020 2547 1131 2622 τῆς
1175 2546 1229 2607 ἐἶ
1275 2544 1631 2623 διφθόγγου
1674 2545 1777 2608 καὶ
1819 2550 1950 2608 τῶν
1996 2543 2083 2607 εἰε
2129 2544 2234 2608 {Tu—c
2289 2544 2389 2608 καὶ
2434 2543 2639 2608 οὕτως
2682 2546 2827 2622 περὶ
2869 2550 3001 2608 τῶν
3048 2543 3137 2608 εἰ(
3182 2548 3265 2621 ”isi

699 2648 802 2712 διὰ
855 2651 971 2711 τοῦ
1025 2648 1086 2723 ἦ.
1176 2643 1323 2724 Quo
1379 2643 1603 2708 ordine
1657 2642 1944 2730 reliquae
2000 2644 2486 2708 terminationes
2553 2642 2842 2730 prolatae
2906 2644 3066 2725 sint,
3136 2668 3267 2710 non

699 2747 1012 2813 traditum
1056 2755 1185 2829 est,
1234 2745 1347 2809 sed
1395 2767 1479 2810 ex
1518 2744 1916 2827 Theodosio,
1965 2743 2416 2813 Ohoeroboseo
2462 2756 2528 2812 et
2572 2745 2875 2828 Lascari,
2921 2747 3031 2833 qui
3064 2746 3265 2812 Choe-

697 2852 1038 2916 roboscum
1093 2848 1472 2933 exscripsit,
1528 2846 1916 2913 concludere
1980 2870 2325 2934 possumus
2373 2849 2664 2935 ,primum
2720 2848 2803 2913 de
2866 2847 3264 2931 masculiniS,

698 2961 833 3016 tum
882 2951 964 3016 de
1004 2950 1370 3031 femininiS,
1431 2949 1708 3035 denique
1753 2948 1835 3013 de
1879 2951 2125 3013 neutris
2172 2972 2535 3015 sermonem
2578 2949 2783 3013 fuisse
2834 2972 2907 3014 eo
2952 2951 3089 3014 fere
3133 2952 3266 3016 exi·

697 3063 877 3118 tuum
923 3054 1178 3132 ordine,
1224 3072 1412 3138 quem
1457 3052 1631 3137 apud
1678 3073 1818 3132 eos,
1865 3071 2025 3138 quos
2071 3051 2245 3130 dixi,
2294 3050 2854 3138 deprehendimuS.
2912 3053 3266 3137 Fragmen-

699 3159 820 3238 tis,
880 3177 1047 3241 quae
1102 3154 1221 3218 sub
1268 3152 1629 3218 Herodiani
1682 3152 1943 3217 nomine
1999 3151 2085 3217 ad
2137 3151 2636 3221 declinationem
2691 3156 3019 3219 nominum
3069 3155 3268 3241 perti-

698 3258 922 3323 nentia
964 3264 1403 3342 pervenerunt
1458 3254 1541 3319 ad
1597 3277 1713 3318 nos
1769 3252 1876 3318 vel
1931 3253 2058 3320 alio
2125 3257 2430 3341 quopiam
2496 3255 2736 3320 indicio
2790 3256 3270 3324 Herodianeam

700 3358 1016 3442 originem
1079 3348 1363 3443 produnt
1431 3355 1640 3440 (velut
1695 3357 1821 3421 An.
1882 3355 2009 3420 Ox.
2064 3355 2172 3421 III
2225 3356 2349 3421 237
2418 3359 2752 3443 egregium
2819 3356 2899 3421 de
2962 3360 3267 3443 genetivo

697 3464 966 3540 Ἄρευοε
1010 3468 1428 3544 praeceptum
1484 3466 1548 3522 et
1603 3457 2165 3540 adnotamentum‚
2227 3459 2400 3545 quod
2444 3459 2688 3524 ibidem
2745 3460 3127 3546 proponitur
3190 3461 3270 3525 de

699 3562 910 3641 Ζηνόε
953 3560 1165 3626 Ζανόε
1208 3560 1493 3644 genetivi
1538 3559 1795 3645 formis)
1839 3560 1940 3624 his
1985 3561 2188 3646 igitur
2230 3562 2612 3646 fragmentis
2659 3559 2930 3647 prolatis
2980 3585 3150 3648 quae
3202 3564 3267 3626 in

702 3660 1135 3727 Choerobosci
1189 3662 1473 3727 Dictatis
1528 3661 1684 3726 mihi
1740 3661 1823 3726 ab
1883 3662 2256 3729 Herodiano
2320 3663 2615 3750 profecta
2670 3663 3063 3728 videbantur
3116 3664 3269 3728 huic

699 3763 866 3829 libro
909 3763 1390 3845 convenientia,
1437 3786 1706 3851 quorum
1748 3762 1927 3828 haud
1970 3788 2213 3851 parvus
2254 3787 2559 3829 numerus
2607 3775 2735 3847 est,
2785 3766 3114 3852 composui
3159 3767 3269 3831 iis·
3372 3820 3376 3824 .

700 3888 826 3952 que
867 3866 1109 3930 inserui
1152 3877 1217 3931 ct
1259 3875 1609 3953 praecepta
1651 3866 1855 3952 ipsius
1901 3865 2262 3932 Herodiani
2320 3890 2403 3931 ex
2447 3866 2592 3931 aliis
2649 3867 2906 3954 seriptis
2963 3879 3272 3954 excerpta

702 3978 768 4033 et
808 3966 1088 4034 frustula
1119 3991 1222 4055 ap.
1251 3966 1473 4053 steph.
1501 3969 1683 4054 Byz„
1715 3969 1783 4031 in
1814 3968 2030 4054 Epim.
2049 3968 2318 4035 Homer.
2352 3979 2417 4034 et
2450 3967 2919 4055 Etymologicis
2951 3968 3268 4055 dispersa.

950 4138 1138 4204 XIV.
1230 4140 1347 4205 Εἰε
1390 4142 1474 4205 τὸ
1519 4141 1698 4218 περὶ
1738 4146 1993 4214 γενῶν
2041 4140 2574 4205 Ἀπολλωνίου
2621 4140 3046 4221 ὑπόμνημα,

869 4275 997 4339 Ηίο
1040 4274 1209 4340 liber
1251 4297 1377 4339 uno
1422 4284 1673 4339 tantum
1716 4274 1858 4340 loco
1904 4296 2007 4360 ap.
2043 4274 2267 4361 Steph.
2301 4274 2463 4360 Byz.
2495 4273 2637 4356 359,
2671 4276 2706 4338 7
2755 4297 2805 4338 s.
2845 4277 3037 4355 Καρία
3081 4276 3267 4341 affer-

705 4388 842 4459 tur3
888 4376 958 4440 in
1001 4398 1077 4442 eo
1123 4378 1202 4442 de
1245 4376 1525 4442 motione
1567 4399 1684 4463 per
1711 4399 1980 4461 genera,
2027 4398 2221 4463 quam
2255 4374 2492 4441 Graeci
2522 4379 3114 4457 παραεχηματιεμόν
3159 4403 3269 4444 vo-

703 4479 972 4561 cabant,
1020 4487 1367 4543 tractatum
1411 4478 1556 4543 fuit.
1646 4479 1864 4560 Quum
1906 4501 2107 4542 unum
2152 4488 2402 4543 tantum
2446 4478 2914 4563 fragmentum,
2972 4479 3143 4565 quod
3189 4482 3270 4546 de

709 4582 937 4661 Κάειρα
980 4580 1288 4646 feminino
1333 4579 1574 4646 ethnici
1623 4583 1749 4660 Κάρ
1796 4591 1924 4660 est,
1982 4592 2309 4646 servatum
2357 4580 2470 4662 sit,
2525 4603 2731 4667 pauca
2784 4594 3135 4669 praecepta
3187 4606 3271 4647 ex

707 4678 783 4744 ΙΙ.
831 4683 935 4746 Pr.
993 4703 1380 4768 proponam,
1441 4682 1611 4746 unde
1676 4703 1840 4766 quae
1895 4691 1959 4746 et
2012 4683 2331 4769 quomodo
2389 4684 2453 4748 in
2518 4684 2639 4748 hoc
2704 4684 2873 4750 libro
2940 4684 3271 4773 disputata

707 4783 948 4849 fuerint
1002 4784 1453 4870 perspiciatur.
1556 4781 1634 4846 Il.
1683 4783 1791 4846 Pr.
1841 4786 1893 4849 Θ
1942 4785 2061 4849 178
2118 4786 2198 4849 dc
2253 4786 2569 4867 ἀβληχρόε
2625 4786 2892 4851 dieitur:
2963 4808 3267 4867 παρεεχη-
