<?xml version="1.0" encoding="UTF-8"?>
<!DOCTYPE html PUBLIC "-//W3C//DTD XHTML 1.0 Transitional//EN"
    "http://www.w3.org/TR/xhtml1/DTD/xhtml1-transitional.dtd">
<html xmlns="http://www.w3.org/1999/xhtml" xml:lang="en" lang="en">
 <head>
  <title>
</title>
<meta http-equiv="Content-Type" content="text/html;charset=utf-8" />
  <meta name='ocr-system' content='tesseract 3.04.00' />
  <meta name='ocr-capabilities' content='ocr_page ocr_carea ocr_par ocr_line ocrx_word'/>
</head>
<body>
  <div class='ocr_page' id='page_1' title='image "./grammaticigraec02unkngoog_0551.png"; bbox 0 0 3664 5546; ppageno 0'>
   <div class='ocr_carea' id='block_1_1' title="bbox 1152 269 3050 335">
    <p class='ocr_par' dir='ltr' id='par_1_1' title="bbox 1152 269 3050 335">
     <span class='ocr_line' id='line_1_1' title="bbox 1152 269 3050 335; baseline -0.004 -7"><span class='ocrx_word' id='word_1_1' title='bbox 1152 275 1310 328; x_wconf 88' lang='grc' dir='ltr'>ΠΕΡΙ</span> <span class='ocrx_word' id='word_1_2' title='bbox 1353 273 1743 328; x_wconf 82' lang='grc' dir='ltr'>ΚΑΘΟΛΙΚΗ(</span> <span class='ocrx_word' id='word_1_3' title='bbox 1781 273 2203 328; x_wconf 75' lang='grc' dir='ltr'>ΠΡΟΕΩιΔΙΑ(</span> <span class='ocrx_word' id='word_1_4' title='bbox 2245 274 2320 328; x_wconf 92' lang='grc' dir='ltr'>ΙΒ.</span> <span class='ocrx_word' id='word_1_5' title='bbox 2922 269 3050 335; x_wconf 78' lang='lat'>305</span> 
     </span>
    </p>
   </div>
   <div class='ocr_carea' id='block_1_2' title="bbox 454 444 3168 3171">
    <p class='ocr_par' dir='ltr' id='par_1_2' title="bbox 454 444 3051 829">
     <span class='ocr_line' id='line_1_2' title="bbox 454 444 3048 528; baseline -0.001 -17"><span class='ocrx_word' id='word_1_6' title='bbox 454 448 675 527; x_wconf 83' lang='grc' dir='ltr'>-χώδης</span> <span class='ocrx_word' id='word_1_7' title='bbox 720 447 916 528; x_wconf 89' lang='grc' dir='ltr'>γυνή,</span> <span class='ocrx_word' id='word_1_8' title='bbox 963 445 1291 528; x_wconf 78' lang='grc' dir='ltr'>ὀξάλμη,</span> <span class='ocrx_word' id='word_1_9' title='bbox 1336 447 1640 525; x_wconf 88' lang='grc' dir='ltr'>τολύπη</span> <span class='ocrx_word' id='word_1_10' title='bbox 1685 446 1724 524; x_wconf 87' lang='grc' dir='ltr'>ἡ</span> <span class='ocrx_word' id='word_1_11' title='bbox 1771 445 2056 528; x_wconf 82' lang='grc' dir='ltr'>ἐργαςία,</span> <span class='ocrx_word' id='word_1_12' title='bbox 2110 445 2508 526; x_wconf 85' lang='grc' dir='ltr'>ἱςτοδόκη,</span> <span class='ocrx_word' id='word_1_13' title='bbox 2564 444 3048 526; x_wconf 89' lang='grc' dir='ltr'>καπνοδόκη,</span> 
     </span>
     <span class='ocr_line' id='line_1_3' title="bbox 464 546 3051 630; baseline -0.001 -18"><span class='ocrx_word' id='word_1_14' title='bbox 464 549 798 630; x_wconf 88' lang='grc' dir='ltr'>λατύπη,</span> <span class='ocrx_word' id='word_1_15' title='bbox 856 547 1208 627; x_wconf 88' lang='grc' dir='ltr'>οἰνοχόη.</span> <span class='ocrx_word' id='word_1_16' title='bbox 1296 550 1370 613; x_wconf 90' lang='grc' dir='ltr'>τὸ</span> <span class='ocrx_word' id='word_1_17' title='bbox 1429 549 1499 612; x_wconf 84' lang='grc' dir='ltr'>δὲ</span> <span class='ocrx_word' id='word_1_18' title='bbox 1559 547 1951 627; x_wconf 88' lang='grc' dir='ltr'>ἀςτεροπή</span> <span class='ocrx_word' id='word_1_19' title='bbox 2014 548 2303 613; x_wconf 79' lang='grc' dir='ltr'>ὀξύνεται</span> <span class='ocrx_word' id='word_1_20' title='bbox 2360 548 2452 611; x_wconf 82' lang='grc' dir='ltr'>ὡς</span> <span class='ocrx_word' id='word_1_21' title='bbox 2511 546 2813 611; x_wconf 89' lang='grc' dir='ltr'>ςύνθετον</span> <span class='ocrx_word' id='word_1_22' title='bbox 2876 547 3051 625; x_wconf 88' lang='grc' dir='ltr'>παρὰ</span> 
     </span>
     <span class='ocr_line' id='line_1_4' title="bbox 460 647 3050 730; baseline -0.001 -16"><span class='ocrx_word' id='word_1_23' title='bbox 460 651 534 714; x_wconf 88' lang='grc' dir='ltr'>τὸ</span> <span class='ocrx_word' id='word_1_24' title='bbox 580 649 711 714; x_wconf 90' lang='grc' dir='ltr'>ὄπα</span> <span class='ocrx_word' id='word_1_25' title='bbox 753 649 856 713; x_wconf 82' lang='grc' dir='ltr'>καὶ</span> <span class='ocrx_word' id='word_1_26' title='bbox 901 648 1110 726; x_wconf 85' lang='grc' dir='ltr'>ἀςτήρ.</span> <span class='ocrx_word' id='word_1_27' title='bbox 1179 649 1280 713; x_wconf 83' lang='grc' dir='ltr'>καὶ</span> <span class='ocrx_word' id='word_1_28' title='bbox 1310 651 1386 714; x_wconf 89' lang='grc' dir='ltr'>τὸ</span> <span class='ocrx_word' id='word_1_29' title='bbox 1434 650 1832 728; x_wconf 87' lang='grc' dir='ltr'>ὑδρορρόη</span> <span class='ocrx_word' id='word_1_30' title='bbox 1879 648 1942 713; x_wconf 84' lang='grc' dir='ltr'>οἱ</span> <span class='ocrx_word' id='word_1_31' title='bbox 1972 650 2234 713; x_wconf 85' lang='grc' dir='ltr'>παλαιοὶ</span> <span class='ocrx_word' id='word_1_32' title='bbox 2263 647 2611 730; x_wconf 78' lang='grc' dir='ltr'>ἐβάρυναν,</span> <span class='ocrx_word' id='word_1_33' title='bbox 2658 647 2720 712; x_wconf 82' lang='grc' dir='ltr'>οἱ</span> <span class='ocrx_word' id='word_1_34' title='bbox 2751 650 2822 712; x_wconf 80' lang='grc' dir='ltr'>δὲ</span> <span class='ocrx_word' id='word_1_35' title='bbox 2866 668 3050 726; x_wconf 86' lang='grc' dir='ltr'>μετα-</span> 
     </span>
     <span class='ocr_line' id='line_1_5' title="bbox 462 748 1625 829; baseline -0.001 -14"><span class='ocrx_word' id='word_1_36' title='bbox 462 753 821 829; x_wconf 87' lang='grc' dir='ltr'>γενέςτεροι</span> <span class='ocrx_word' id='word_1_37' title='bbox 868 748 1203 816; x_wconf 85' lang='grc' dir='ltr'>ὀξύνουςιν</span> <span class='ocrx_word' id='word_1_38' title='bbox 1250 749 1371 828; x_wconf 88' lang='grc' dir='ltr'>οὐχ</span> <span class='ocrx_word' id='word_1_39' title='bbox 1417 751 1625 826; x_wconf 87' lang='grc' dir='ltr'>ὑγιῶς.</span> 
     </span>
    </p>

    <p class='ocr_par' dir='ltr' id='par_1_3' title="bbox 464 851 3160 1546">
     <span class='ocr_line' id='line_1_6' title="bbox 631 851 3112 931; baseline -0.002 -13"><span class='ocrx_word' id='word_1_40' title='bbox 631 853 724 918; x_wconf 86' lang='grc' dir='ltr'>Τὰ</span> <span class='ocrx_word' id='word_1_41' title='bbox 781 852 871 917; x_wconf 84' lang='grc' dir='ltr'>εἰς</span> <span class='ocrx_word' id='word_1_42' title='bbox 923 855 963 930; x_wconf 84' lang='grc' dir='ltr'>ἦ</span> <span class='ocrx_word' id='word_1_43' title='bbox 1018 852 1259 930; x_wconf 88' lang='grc' dir='ltr'>θηλυκὰ</span> <span class='ocrx_word' id='word_1_44' title='bbox 1314 852 1747 930; x_wconf 87' lang='grc' dir='ltr'>προςηγορικὰ</span> <span class='ocrx_word' id='word_1_45' title='bbox 1800 852 1933 917; x_wconf 87' lang='grc' dir='ltr'>ἀπὸ</span> <span class='ocrx_word' id='word_1_46' title='bbox 1989 853 2352 930; x_wconf 84' lang='grc' dir='ltr'>προθέςεως</span> <span class='ocrx_word' id='word_1_47' title='bbox 2408 852 2848 931; x_wconf 76' lang='grc' dir='ltr'>ςυντεθειμὲνα</span> <span class='ocrx_word' id='word_1_48' title='bbox 2903 851 3048 915; x_wconf 85' lang='grc' dir='ltr'>τότε</span> <span class='ocrx_word' id='word_1_49' title='bbox 3080 863 3112 912; x_wconf 87' lang='lat'>5</span> 
     </span>
     <span class='ocr_line' id='line_1_7' title="bbox 466 952 3051 1035; baseline -0.001 -16"><span class='ocrx_word' id='word_1_50' title='bbox 466 956 579 1034; x_wconf 81' lang='grc' dir='ltr'>μὲν</span> <span class='ocrx_word' id='word_1_51' title='bbox 625 953 946 1035; x_wconf 80' lang='grc' dir='ltr'>ὀξύνεται,</span> <span class='ocrx_word' id='word_1_52' title='bbox 991 953 1099 1017; x_wconf 88' lang='grc' dir='ltr'>ὅτε</span> <span class='ocrx_word' id='word_1_53' title='bbox 1145 954 1225 1017; x_wconf 85' lang='grc' dir='ltr'>τὰ</span> <span class='ocrx_word' id='word_1_54' title='bbox 1269 953 1513 1018; x_wconf 87' lang='grc' dir='ltr'>ἑαυτῶν</span> <span class='ocrx_word' id='word_1_55' title='bbox 1558 952 1764 1035; x_wconf 87' lang='grc' dir='ltr'>ἁπλᾶ,</span> <span class='ocrx_word' id='word_1_56' title='bbox 1820 954 1923 1018; x_wconf 82' lang='grc' dir='ltr'>καὶ</span> <span class='ocrx_word' id='word_1_57' title='bbox 1967 953 2112 1018; x_wconf 89' lang='grc' dir='ltr'>τότε</span> <span class='ocrx_word' id='word_1_58' title='bbox 2160 954 2526 1035; x_wconf 85' lang='grc' dir='ltr'>βαρύνεται,</span> <span class='ocrx_word' id='word_1_59' title='bbox 2583 953 2741 1017; x_wconf 89' lang='grc' dir='ltr'>ὅταν</span> <span class='ocrx_word' id='word_1_60' title='bbox 2785 952 2865 1016; x_wconf 87' lang='grc' dir='ltr'>τὰ</span> <span class='ocrx_word' id='word_1_61' title='bbox 2908 952 3051 1016; x_wconf 87' lang='grc' dir='ltr'>ἑαυ-</span> 
     </span>
     <span class='ocr_line' id='line_1_8' title="bbox 464 1053 3052 1138; baseline -0.001 -18"><span class='ocrx_word' id='word_1_62' title='bbox 464 1061 594 1120; x_wconf 87' lang='grc' dir='ltr'>τῶν</span> <span class='ocrx_word' id='word_1_63' title='bbox 652 1057 1029 1137; x_wconf 87' lang='grc' dir='ltr'>βαρύνηται,</span> <span class='ocrx_word' id='word_1_64' title='bbox 1085 1055 1470 1138; x_wconf 88' lang='grc' dir='ltr'>ἀνατολή,</span> <span class='ocrx_word' id='word_1_65' title='bbox 1527 1054 1953 1136; x_wconf 87' lang='grc' dir='ltr'>μεταβολή,</span> <span class='ocrx_word' id='word_1_66' title='bbox 2010 1054 2394 1138; x_wconf 86' lang='grc' dir='ltr'>ἀναβολή,</span> <span class='ocrx_word' id='word_1_67' title='bbox 2457 1055 2817 1134; x_wconf 85' lang='grc' dir='ltr'>ἐπιτολή,</span> <span class='ocrx_word' id='word_1_68' title='bbox 2888 1053 3052 1117; x_wconf 83' lang='grc' dir='ltr'>ἐπι-</span> 
     </span>
     <span class='ocr_line' id='line_1_9' title="bbox 464 1155 3053 1239; baseline -0.001 -18"><span class='ocrx_word' id='word_1_69' title='bbox 464 1158 690 1238; x_wconf 89' lang='grc' dir='ltr'>τομή,</span> <span class='ocrx_word' id='word_1_70' title='bbox 721 1157 1001 1238; x_wconf 89' lang='grc' dir='ltr'>ἀνοχή,</span> <span class='ocrx_word' id='word_1_71' title='bbox 1048 1157 1470 1237; x_wconf 86' lang='grc' dir='ltr'>παραψυχή</span> <span class='ocrx_word' id='word_1_72' title='bbox 1500 1159 1575 1221; x_wconf 84' lang='grc' dir='ltr'>τὸ</span> <span class='ocrx_word' id='word_1_73' title='bbox 1608 1156 2100 1239; x_wconf 80' lang='grc' dir='ltr'>προςηγορικόν,</span> <span class='ocrx_word' id='word_1_74' title='bbox 2136 1158 2575 1235; x_wconf 90' lang='grc' dir='ltr'>Παραψύχη</span> <span class='ocrx_word' id='word_1_75' title='bbox 2607 1158 2679 1221; x_wconf 76' lang='grc' dir='ltr'>δὲ</span> <span class='ocrx_word' id='word_1_76' title='bbox 2708 1157 2783 1220; x_wconf 90' lang='grc' dir='ltr'>τὸ</span> <span class='ocrx_word' id='word_1_77' title='bbox 2815 1155 3053 1234; x_wconf 90' lang='grc' dir='ltr'>κύριον.</span> 
     </span>
     <span class='ocr_line' id='line_1_10' title="bbox 465 1255 3057 1350; baseline -0.001 -27"><span class='ocrx_word' id='word_1_78' title='bbox 465 1259 541 1323; x_wconf 84' lang='grc' dir='ltr'>τὸ</span> <span class='ocrx_word' id='word_1_79' title='bbox 587 1261 658 1322; x_wconf 80' lang='grc' dir='ltr'>δὲ</span> <span class='ocrx_word' id='word_1_80' title='bbox 703 1259 1055 1338; x_wconf 88' lang='grc' dir='ltr'>ἀναρρόη</span> <span class='ocrx_word' id='word_1_81' title='bbox 1098 1259 1556 1350; x_wconf 83' lang='grc' dir='ltr'>παροξύνεται,</span> <span class='ocrx_word' id='word_1_82' title='bbox 1601 1259 1801 1323; x_wconf 81' lang='grc' dir='ltr'>καίτοι</span> <span class='ocrx_word' id='word_1_83' title='bbox 1849 1255 1980 1322; x_wconf 83' lang='grc' dir='ltr'>ἀπὸ</span> <span class='ocrx_word' id='word_1_84' title='bbox 2025 1261 2142 1322; x_wconf 86' lang='grc' dir='ltr'>τοῦ</span> <span class='ocrx_word' id='word_1_85' title='bbox 2189 1257 2345 1339; x_wconf 84' lang='grc' dir='ltr'>ῥοή,</span> <span class='ocrx_word' id='word_1_86' title='bbox 2403 1260 2504 1322; x_wconf 86' lang='grc' dir='ltr'>καὶ</span> <span class='ocrx_word' id='word_1_87' title='bbox 2548 1259 2621 1322; x_wconf 88' lang='grc' dir='ltr'>τὸ</span> <span class='ocrx_word' id='word_1_88' title='bbox 2667 1256 3057 1350; x_wconf 77' lang='grc' dir='ltr'>ἀναδέςμη</span> 
     </span>
     <span class='ocr_line' id='line_1_11' title="bbox 467 1358 3160 1442; baseline -0 -19"><span class='ocrx_word' id='word_1_89' title='bbox 467 1358 598 1424; x_wconf 84' lang='grc' dir='ltr'>ἀπὸ</span> <span class='ocrx_word' id='word_1_90' title='bbox 653 1362 770 1423; x_wconf 87' lang='grc' dir='ltr'>τοῦ</span> <span class='ocrx_word' id='word_1_91' title='bbox 827 1359 1196 1441; x_wconf 79' lang='grc' dir='ltr'>ἀνάδεςμος.</span> <span class='ocrx_word' id='word_1_92' title='bbox 1284 1362 1364 1426; x_wconf 84' lang='grc' dir='ltr'>τὰ</span> <span class='ocrx_word' id='word_1_93' title='bbox 1419 1362 1490 1425; x_wconf 79' lang='grc' dir='ltr'>δὲ</span> <span class='ocrx_word' id='word_1_94' title='bbox 1547 1360 1869 1441; x_wconf 84' lang='grc' dir='ltr'>βαρύτονα</span> <span class='ocrx_word' id='word_1_95' title='bbox 1912 1362 2134 1423; x_wconf 85' lang='grc' dir='ltr'>ταῦτα·</span> <span class='ocrx_word' id='word_1_96' title='bbox 2203 1360 2565 1442; x_wconf 85' lang='grc' dir='ltr'>ςυνθήκη,</span> <span class='ocrx_word' id='word_1_97' title='bbox 2612 1379 3055 1437; x_wconf 88' lang='grc' dir='ltr'>παρακατα-</span> <span class='ocrx_word' id='word_1_98' title='bbox 3095 1370 3160 1421; x_wconf 90' lang='lat'>10</span> 
     </span>
     <span class='ocr_line' id='line_1_12' title="bbox 468 1463 1578 1546; baseline 0 -22"><span class='ocrx_word' id='word_1_99' title='bbox 468 1463 687 1543; x_wconf 86' lang='grc' dir='ltr'>θήκη,</span> <span class='ocrx_word' id='word_1_100' title='bbox 733 1463 1173 1546; x_wconf 87' lang='grc' dir='ltr'>ςυγγνώμη,</span> <span class='ocrx_word' id='word_1_101' title='bbox 1220 1463 1578 1541; x_wconf 87' lang='grc' dir='ltr'>ςυνάγχη.</span> 
     </span>
    </p>

    <p class='ocr_par' dir='ltr' id='par_1_4' title="bbox 468 1558 3061 1842">
     <span class='ocr_line' id='line_1_13' title="bbox 637 1558 3059 1645; baseline -0 -19"><span class='ocrx_word' id='word_1_102' title='bbox 637 1562 731 1626; x_wconf 86' lang='grc' dir='ltr'>Τὰ</span> <span class='ocrx_word' id='word_1_103' title='bbox 761 1560 850 1626; x_wconf 88' lang='grc' dir='ltr'>εἰς</span> <span class='ocrx_word' id='word_1_104' title='bbox 879 1563 917 1638; x_wconf 86' lang='grc' dir='ltr'>ἦ</span> <span class='ocrx_word' id='word_1_105' title='bbox 951 1558 1455 1637; x_wconf 86' lang='grc' dir='ltr'>ςυναληλιμμένα</span> <span class='ocrx_word' id='word_1_106' title='bbox 1484 1566 1888 1645; x_wconf 84' lang='grc' dir='ltr'>περιςπᾶται,</span> <span class='ocrx_word' id='word_1_107' title='bbox 1937 1563 2203 1627; x_wconf 85' lang='grc' dir='ltr'>λεοντέα</span> <span class='ocrx_word' id='word_1_108' title='bbox 2246 1565 2561 1644; x_wconf 86' lang='grc' dir='ltr'>λεοντῆ,</span> <span class='ocrx_word' id='word_1_109' title='bbox 2608 1563 2796 1626; x_wconf 84' lang='grc' dir='ltr'>ςυκέα</span> <span class='ocrx_word' id='word_1_110' title='bbox 2840 1564 3059 1643; x_wconf 85' lang='grc' dir='ltr'>ςυκῆ,</span> 
     </span>
     <span class='ocr_line' id='line_1_14' title="bbox 468 1660 3061 1746; baseline 0 -20"><span class='ocrx_word' id='word_1_111' title='bbox 468 1663 668 1739; x_wconf 86' lang='grc' dir='ltr'>γαλέα</span> <span class='ocrx_word' id='word_1_112' title='bbox 712 1664 939 1742; x_wconf 89' lang='grc' dir='ltr'>γαλῆ,</span> <span class='ocrx_word' id='word_1_113' title='bbox 985 1660 1356 1740; x_wconf 86' lang='grc' dir='ltr'>ἀμυγδαλέα</span> <span class='ocrx_word' id='word_1_114' title='bbox 1400 1660 1839 1742; x_wconf 82' lang='grc' dir='ltr'>ἀμυγδαλῆ,</span> <span class='ocrx_word' id='word_1_115' title='bbox 1897 1664 2051 1743; x_wconf 85' lang='grc' dir='ltr'>βοέα</span> <span class='ocrx_word' id='word_1_116' title='bbox 2097 1667 2270 1746; x_wconf 90' lang='grc' dir='ltr'>βοῆ,</span> <span class='ocrx_word' id='word_1_117' title='bbox 2316 1663 2510 1728; x_wconf 81' lang='grc' dir='ltr'>κυνέα</span> <span class='ocrx_word' id='word_1_118' title='bbox 2553 1667 2771 1742; x_wconf 86' lang='grc' dir='ltr'>κυνῆ,</span> <span class='ocrx_word' id='word_1_119' title='bbox 2825 1663 3061 1742; x_wconf 85' lang='grc' dir='ltr'>τραγέα</span> 
     </span>
     <span class='ocr_line' id='line_1_15' title="bbox 468 1785 1467 1842; baseline -0.002 -13"><span class='ocrx_word' id='word_1_120' title='bbox 468 1785 729 1842; x_wconf 87' lang='grc' dir='ltr'>τραγη.</span> <span class='ocrx_word' id='word_1_121' title='bbox 1460 1789 1467 1796; x_wconf 88' lang='grc'><em>·</em></span> 
     </span>
    </p>

    <p class='ocr_par' dir='ltr' id='par_1_5' title="bbox 470 1864 3168 2558">
     <span class='ocr_line' id='line_1_16' title="bbox 640 1864 3164 1949; baseline 0 -21"><span class='ocrx_word' id='word_1_122' title='bbox 640 1865 734 1928; x_wconf 86' lang='grc' dir='ltr'>Τὰ</span> <span class='ocrx_word' id='word_1_123' title='bbox 778 1864 866 1929; x_wconf 87' lang='grc' dir='ltr'>εἰς</span> <span class='ocrx_word' id='word_1_124' title='bbox 909 1867 947 1942; x_wconf 85' lang='grc' dir='ltr'>ἦ</span> <span class='ocrx_word' id='word_1_125' title='bbox 1013 1866 1296 1943; x_wconf 88' lang='grc' dir='ltr'>καθαρὸν</span> <span class='ocrx_word' id='word_1_126' title='bbox 1360 1870 1680 1945; x_wconf 85' lang='grc' dir='ltr'>μονογενῆ</span> <span class='ocrx_word' id='word_1_127' title='bbox 1749 1865 1828 1929; x_wconf 85' lang='grc' dir='ltr'>οὐ</span> <span class='ocrx_word' id='word_1_128' title='bbox 1887 1867 2103 1931; x_wconf 90' lang='grc' dir='ltr'>πολλὰ</span> <span class='ocrx_word' id='word_1_129' title='bbox 2160 1867 2525 1949; x_wconf 88' lang='grc' dir='ltr'>βαρύνεται,</span> <span class='ocrx_word' id='word_1_130' title='bbox 2594 1866 2812 1943; x_wconf 91' lang='grc' dir='ltr'>Δαύη</span> <span class='ocrx_word' id='word_1_131' title='bbox 2876 1866 3062 1931; x_wconf 90' lang='grc' dir='ltr'>πόλις</span> <span class='ocrx_word' id='word_1_132' title='bbox 3103 1878 3164 1928; x_wconf 83' lang='grc'>15</span> 
     </span>
     <span class='ocr_line' id='line_1_17' title="bbox 472 1966 3060 2051; baseline 0 -20"><span class='ocrx_word' id='word_1_133' title='bbox 472 1967 777 2048; x_wconf 89' lang='grc' dir='ltr'>Ἀραβίας.</span> <span class='ocrx_word' id='word_1_134' title='bbox 844 1966 1134 2044; x_wconf 85' lang='grc' dir='ltr'>Δανάη.</span> <span class='ocrx_word' id='word_1_135' title='bbox 1194 1968 1469 2045; x_wconf 87' lang='grc' dir='ltr'>Ἀγαυή</span> <span class='ocrx_word' id='word_1_136' title='bbox 1516 1967 1806 2035; x_wconf 80' lang='grc' dir='ltr'>ὀξύνεται</span> <span class='ocrx_word' id='word_1_137' title='bbox 1850 1968 2205 2033; x_wconf 85' lang='grc' dir='ltr'>ἐπιθετικὸν</span> <span class='ocrx_word' id='word_1_138' title='bbox 2235 1967 2345 2051; x_wconf 91' lang='grc' dir='ltr'>ὄν,</span> <span class='ocrx_word' id='word_1_139' title='bbox 2394 1968 2694 2033; x_wconf 82' lang='grc' dir='ltr'>ὡςαύτως</span> <span class='ocrx_word' id='word_1_140' title='bbox 2723 1970 2825 2032; x_wconf 88' lang='grc' dir='ltr'>καὶ</span> <span class='ocrx_word' id='word_1_141' title='bbox 2874 1969 3060 2046; x_wconf 88' lang='grc' dir='ltr'>Κρα-</span> 
     </span>
     <span class='ocr_line' id='line_1_18' title="bbox 470 2067 3059 2154; baseline 0 -22"><span class='ocrx_word' id='word_1_142' title='bbox 470 2069 613 2147; x_wconf 89' lang='grc' dir='ltr'>ναή</span> <span class='ocrx_word' id='word_1_143' title='bbox 659 2072 850 2144; x_wconf 89' lang='grc' dir='ltr'>νῆςος</span> <span class='ocrx_word' id='word_1_144' title='bbox 890 2068 1237 2145; x_wconf 88' lang='grc' dir='ltr'>Λακωνική.</span> <span class='ocrx_word' id='word_1_145' title='bbox 1284 2068 1568 2148; x_wconf 89' lang='grc' dir='ltr'>Ὅμηρος</span> <span class='ocrx_word' id='word_1_146' title='bbox 1614 2070 1828 2154; x_wconf 85' lang='grc' dir='ltr'>«νήςῳ</span> <span class='ocrx_word' id='word_1_147' title='bbox 1875 2071 1933 2134; x_wconf 79' lang='grc' dir='ltr'>δ’</span> <span class='ocrx_word' id='word_1_148' title='bbox 1977 2071 2047 2135; x_wconf 86' lang='grc' dir='ltr'>ἐν</span> <span class='ocrx_word' id='word_1_149' title='bbox 2097 2071 2348 2154; x_wconf 89' lang='grc' dir='ltr'>Κραναῇ</span> <span class='ocrx_word' id='word_1_150' title='bbox 2384 2070 2644 2150; x_wconf 80' lang='grc' dir='ltr'>ἐμίγην»</span> <span class='ocrx_word' id='word_1_151' title='bbox 2676 2067 2784 2150; x_wconf 85' lang='grc' dir='ltr'>(ΙΙ.</span> <span class='ocrx_word' id='word_1_152' title='bbox 2821 2071 2860 2133; x_wconf 88' lang='grc' dir='ltr'>Γ</span> <span class='ocrx_word' id='word_1_153' title='bbox 2887 2068 3059 2152; x_wconf 84' lang='lat'>445).</span> 
     </span>
     <span class='ocr_line' id='line_1_19' title="bbox 472 2169 3060 2250; baseline 0.001 -17"><span class='ocrx_word' id='word_1_154' title='bbox 472 2170 676 2234; x_wconf 84' lang='grc' dir='ltr'>οὕτως</span> <span class='ocrx_word' id='word_1_155' title='bbox 724 2172 795 2233; x_wconf 82' lang='grc' dir='ltr'>δὲ</span> <span class='ocrx_word' id='word_1_156' title='bbox 841 2169 1128 2234; x_wconf 82' lang='grc' dir='ltr'>ἐκαλεῖτο</span> <span class='ocrx_word' id='word_1_157' title='bbox 1184 2173 1288 2235; x_wconf 85' lang='grc' dir='ltr'>καὶ</span> <span class='ocrx_word' id='word_1_158' title='bbox 1340 2172 1379 2250; x_wconf 86' lang='grc' dir='ltr'><strong>ἡ</strong></span> <span class='ocrx_word' id='word_1_159' title='bbox 1426 2172 1665 2249; x_wconf 87' lang='grc' dir='ltr'>Ἀττικὴ</span> <span class='ocrx_word' id='word_1_160' title='bbox 1725 2169 1858 2235; x_wconf 87' lang='grc' dir='ltr'>ἀπὸ</span> <span class='ocrx_word' id='word_1_161' title='bbox 1910 2171 2218 2250; x_wconf 84' lang='grc' dir='ltr'>Κραναοῦ.</span> <span class='ocrx_word' id='word_1_162' title='bbox 2307 2171 2667 2250; x_wconf 81' lang='grc' dir='ltr'>ἐξειλήφαςι</span> <span class='ocrx_word' id='word_1_163' title='bbox 2721 2172 2848 2249; x_wconf 83' lang='grc' dir='ltr'>γάρ</span> <span class='ocrx_word' id='word_1_164' title='bbox 2894 2191 3060 2235; x_wconf 92' lang='grc' dir='ltr'>τινες</span> 
     </span>
     <span class='ocr_line' id='line_1_20' title="bbox 470 2271 3060 2355; baseline 0 -20"><span class='ocrx_word' id='word_1_165' title='bbox 470 2273 547 2335; x_wconf 84' lang='grc' dir='ltr'>τὸ</span> <span class='ocrx_word' id='word_1_166' title='bbox 590 2271 930 2350; x_wconf 88' lang='grc' dir='ltr'>Ὁμηρικὸν</span> <span class='ocrx_word' id='word_1_167' title='bbox 984 2272 1060 2336; x_wconf 88' lang='grc' dir='ltr'>τὸ</span> <span class='ocrx_word' id='word_1_168' title='bbox 1112 2272 1364 2355; x_wconf 86' lang='grc' dir='ltr'>Κραναῇ</span> <span class='ocrx_word' id='word_1_169' title='bbox 1422 2272 1565 2337; x_wconf 88' lang='grc' dir='ltr'>ἀντὶ</span> <span class='ocrx_word' id='word_1_170' title='bbox 1606 2277 1723 2337; x_wconf 86' lang='grc' dir='ltr'>τοῦ</span> <span class='ocrx_word' id='word_1_171' title='bbox 1768 2273 2013 2337; x_wconf 84' lang='grc' dir='ltr'>Ἀτθίδι.</span> <span class='ocrx_word' id='word_1_172' title='bbox 2101 2273 2204 2337; x_wconf 80' lang='grc' dir='ltr'>καὶ</span> <span class='ocrx_word' id='word_1_173' title='bbox 2256 2273 2336 2336; x_wconf 87' lang='grc' dir='ltr'>τὰ</span> <span class='ocrx_word' id='word_1_174' title='bbox 2391 2274 2497 2337; x_wconf 89' lang='grc' dir='ltr'>διὰ</span> <span class='ocrx_word' id='word_1_175' title='bbox 2548 2276 2666 2337; x_wconf 84' lang='grc' dir='ltr'>τοῦ</span> <span class='ocrx_word' id='word_1_176' title='bbox 2733 2276 2848 2349; x_wconf 64' lang='lat' dir='ltr'>{iffi</span> <span class='ocrx_word' id='word_1_177' title='bbox 2900 2292 3060 2350; x_wconf 90' lang='grc' dir='ltr'>παρ-</span> 
     </span>
     <span class='ocr_line' id='line_1_21' title="bbox 475 2372 3168 2457; baseline -0.001 -20"><span class='ocrx_word' id='word_1_178' title='bbox 475 2374 795 2454; x_wconf 86' lang='grc' dir='ltr'>οξύνεται,</span> <span class='ocrx_word' id='word_1_179' title='bbox 853 2374 1120 2456; x_wconf 88' lang='grc' dir='ltr'>χλεύη,</span> <span class='ocrx_word' id='word_1_180' title='bbox 1178 2375 1373 2452; x_wconf 90' lang='grc' dir='ltr'>Βεύη</span> <span class='ocrx_word' id='word_1_181' title='bbox 1430 2375 1617 2439; x_wconf 92' lang='grc' dir='ltr'>πόλις</span> <span class='ocrx_word' id='word_1_182' title='bbox 1658 2374 2091 2457; x_wconf 81' lang='grc' dir='ltr'>Μακεδονίας,</span> <span class='ocrx_word' id='word_1_183' title='bbox 2148 2374 2309 2452; x_wconf 87' lang='grc' dir='ltr'>Εὔη.</span> <span class='ocrx_word' id='word_1_184' title='bbox 2395 2375 2472 2438; x_wconf 92' lang='grc' dir='ltr'>τὸ</span> <span class='ocrx_word' id='word_1_185' title='bbox 2528 2375 2597 2437; x_wconf 82' lang='grc' dir='ltr'>δὲ</span> <span class='ocrx_word' id='word_1_186' title='bbox 2645 2374 2869 2451; x_wconf 86' lang='grc' dir='ltr'>ςκευή</span> <span class='ocrx_word' id='word_1_187' title='bbox 2916 2372 3059 2440; x_wconf 88' lang='grc' dir='ltr'>ὀξύ-</span> <span class='ocrx_word' id='word_1_188' title='bbox 3099 2385 3168 2435; x_wconf 80' lang='lat'>⁶20</span> 
     </span>
     <span class='ocr_line' id='line_1_22' title="bbox 474 2474 2754 2558; baseline 0 -20"><span class='ocrx_word' id='word_1_189' title='bbox 474 2494 675 2558; x_wconf 90' lang='grc' dir='ltr'>νεται,</span> <span class='ocrx_word' id='word_1_190' title='bbox 721 2476 824 2539; x_wconf 80' lang='grc' dir='ltr'>καὶ</span> <span class='ocrx_word' id='word_1_191' title='bbox 867 2475 944 2538; x_wconf 85' lang='grc' dir='ltr'>τὰ</span> <span class='ocrx_word' id='word_1_192' title='bbox 989 2474 1108 2539; x_wconf 81' lang='grc' dir='ltr'>ἀπ’</span> <span class='ocrx_word' id='word_1_193' title='bbox 1152 2475 1349 2553; x_wconf 88' lang='grc' dir='ltr'>αὐτῆς</span> <span class='ocrx_word' id='word_1_194' title='bbox 1394 2477 1860 2557; x_wconf 84' lang='grc' dir='ltr'>καταςκευή,</span> <span class='ocrx_word' id='word_1_195' title='bbox 1903 2476 2296 2558; x_wconf 85' lang='grc' dir='ltr'>ἐπιςκευή,</span> <span class='ocrx_word' id='word_1_196' title='bbox 2342 2475 2754 2553; x_wconf 85' lang='grc' dir='ltr'>ὑποςκευή.</span> 
     </span>
    </p>

    <p class='ocr_par' dir='ltr' id='par_1_6' title="bbox 477 2575 3165 3171">
     <span class='ocr_line' id='line_1_23' title="bbox 643 2575 3062 2662; baseline 0.001 -23"><span class='ocrx_word' id='word_1_197' title='bbox 643 2576 738 2640; x_wconf 87' lang='grc' dir='ltr'>Τὰ</span> <span class='ocrx_word' id='word_1_198' title='bbox 782 2575 870 2640; x_wconf 90' lang='grc' dir='ltr'>εἰς</span> <span class='ocrx_word' id='word_1_199' title='bbox 914 2580 953 2652; x_wconf 86' lang='grc' dir='ltr'>ἦ</span> <span class='ocrx_word' id='word_1_200' title='bbox 997 2578 1279 2654; x_wconf 88' lang='grc' dir='ltr'>καθαρὸν</span> <span class='ocrx_word' id='word_1_201' title='bbox 1326 2578 1670 2658; x_wconf 91' lang='grc' dir='ltr'>διςύλλαβα</span> <span class='ocrx_word' id='word_1_202' title='bbox 1713 2585 1806 2662; x_wconf 83' lang='grc' dir='ltr'>τῷ</span> <span class='ocrx_word' id='word_1_203' title='bbox 1850 2581 1888 2642; x_wconf 85' lang='grc' dir='ltr'>ὃ</span> <span class='ocrx_word' id='word_1_204' title='bbox 1931 2577 2430 2657; x_wconf 87' lang='grc' dir='ltr'>παραληγόμενα</span> <span class='ocrx_word' id='word_1_205' title='bbox 2474 2575 2763 2644; x_wconf 89' lang='grc' dir='ltr'>ὀξύνεται</span> <span class='ocrx_word' id='word_1_206' title='bbox 2808 2578 2910 2641; x_wconf 82' lang='grc' dir='ltr'>καὶ</span> <span class='ocrx_word' id='word_1_207' title='bbox 2956 2582 3062 2658; x_wconf 91' lang='grc' dir='ltr'>βα-</span> 
     </span>
     <span class='ocr_line' id='line_1_24' title="bbox 479 2675 3063 2759; baseline 0.001 -20"><span class='ocrx_word' id='word_1_208' title='bbox 479 2675 751 2758; x_wconf 85' lang='grc' dir='ltr'>ρύνεται.</span> <span class='ocrx_word' id='word_1_209' title='bbox 842 2678 944 2739; x_wconf 87' lang='grc' dir='ltr'>καὶ</span> <span class='ocrx_word' id='word_1_210' title='bbox 990 2678 1325 2755; x_wconf 89' lang='grc' dir='ltr'>βαρύνεται</span> <span class='ocrx_word' id='word_1_211' title='bbox 1368 2680 1449 2743; x_wconf 87' lang='grc' dir='ltr'>τὰ</span> <span class='ocrx_word' id='word_1_212' title='bbox 1493 2678 1625 2744; x_wconf 87' lang='grc' dir='ltr'>ἀπὸ</span> <span class='ocrx_word' id='word_1_213' title='bbox 1672 2681 1790 2743; x_wconf 90' lang='grc' dir='ltr'>δύο</span> <span class='ocrx_word' id='word_1_214' title='bbox 1837 2679 2202 2759; x_wconf 86' lang='grc' dir='ltr'>ςυμφώνων</span> <span class='ocrx_word' id='word_1_215' title='bbox 2248 2680 2743 2758; x_wconf 86' lang='grc' dir='ltr'>προηγουμένου</span> <span class='ocrx_word' id='word_1_216' title='bbox 2792 2682 2908 2742; x_wconf 84' lang='grc' dir='ltr'>τοῦ</span> <span class='ocrx_word' id='word_1_217' title='bbox 2953 2684 3063 2743; x_wconf 85' lang='grc' dir='ltr'>δα-</span> 
     </span>
     <span class='ocr_line' id='line_1_25' title="bbox 479 2778 3065 2863; baseline 0.001 -21"><span class='ocrx_word' id='word_1_218' title='bbox 479 2778 650 2862; x_wconf 84' lang='grc' dir='ltr'>ςέος,</span> <span class='ocrx_word' id='word_1_219' title='bbox 698 2779 905 2858; x_wconf 88' lang='grc' dir='ltr'>φθόη</span> <span class='ocrx_word' id='word_1_220' title='bbox 951 2779 989 2857; x_wconf 84' lang='grc' dir='ltr'>ἡ</span> <span class='ocrx_word' id='word_1_221' title='bbox 1036 2780 1286 2863; x_wconf 86' lang='grc' dir='ltr'>φθορά,</span> <span class='ocrx_word' id='word_1_222' title='bbox 1343 2782 1573 2863; x_wconf 88' lang='grc' dir='ltr'>χλόη,</span> <span class='ocrx_word' id='word_1_223' title='bbox 1627 2781 1820 2861; x_wconf 88' lang='grc' dir='ltr'>χνόη</span> <span class='ocrx_word' id='word_1_224' title='bbox 1867 2781 1930 2846; x_wconf 87' lang='grc' dir='ltr'>αἱ</span> <span class='ocrx_word' id='word_1_225' title='bbox 1975 2781 2311 2860; x_wconf 89' lang='grc' dir='ltr'>χοινικίδες</span> <span class='ocrx_word' id='word_1_226' title='bbox 2353 2787 2486 2846; x_wconf 89' lang='grc' dir='ltr'>τῶν</span> <span class='ocrx_word' id='word_1_227' title='bbox 2532 2781 2864 2863; x_wconf 87' lang='grc' dir='ltr'>ἁρμάτων,</span> <span class='ocrx_word' id='word_1_228' title='bbox 2921 2782 3065 2861; x_wconf 80' lang='grc' dir='ltr'>μεθ’</span> 
     </span>
     <span class='ocr_line' id='line_1_26' title="bbox 477 2878 3165 2966; baseline 0 -22"><span class='ocrx_word' id='word_1_229' title='bbox 477 2878 570 2945; x_wconf 85' lang='grc' dir='ltr'>ὧν</span> <span class='ocrx_word' id='word_1_230' title='bbox 614 2881 717 2945; x_wconf 82' lang='grc' dir='ltr'>καὶ</span> <span class='ocrx_word' id='word_1_231' title='bbox 758 2879 892 2958; x_wconf 87' lang='grc' dir='ltr'>Ὄη</span> <span class='ocrx_word' id='word_1_232' title='bbox 953 2883 1152 2960; x_wconf 88' lang='grc' dir='ltr'>δῆμος</span> <span class='ocrx_word' id='word_1_233' title='bbox 1196 2885 1306 2958; x_wconf 88' lang='grc' dir='ltr'>τῆς</span> <span class='ocrx_word' id='word_1_234' title='bbox 1352 2883 1651 2962; x_wconf 81' lang='grc' dir='ltr'>Οἰνηῖδης</span> <span class='ocrx_word' id='word_1_235' title='bbox 1695 2887 1919 2966; x_wconf 89' lang='grc' dir='ltr'>φυλῆς.</span> <span class='ocrx_word' id='word_1_236' title='bbox 2008 2883 2087 2946; x_wconf 86' lang='grc' dir='ltr'>τὰ</span> <span class='ocrx_word' id='word_1_237' title='bbox 2142 2883 2213 2946; x_wconf 80' lang='grc' dir='ltr'>δὲ</span> <span class='ocrx_word' id='word_1_238' title='bbox 2259 2885 2340 2961; x_wconf 86' lang='grc' dir='ltr'>μὴ</span> <span class='ocrx_word' id='word_1_239' title='bbox 2386 2883 2594 2950; x_wconf 84' lang='grc' dir='ltr'>οὕτως</span> <span class='ocrx_word' id='word_1_240' title='bbox 2638 2881 2873 2962; x_wconf 85' lang='grc' dir='ltr'>ἔχοντα</span> <span class='ocrx_word' id='word_1_241' title='bbox 2917 2882 3060 2950; x_wconf 82' lang='grc' dir='ltr'>ὀξύ·</span> <span class='ocrx_word' id='word_1_242' title='bbox 3100 2897 3165 2946; x_wconf 79' lang='grc'>25</span> 
     </span>
     <span class='ocr_line' id='line_1_27' title="bbox 477 2982 3062 3067; baseline 0.001 -21"><span class='ocrx_word' id='word_1_243' title='bbox 477 3003 681 3065; x_wconf 90' lang='grc' dir='ltr'>νεται,</span> <span class='ocrx_word' id='word_1_244' title='bbox 750 2983 894 3062; x_wconf 89' lang='grc' dir='ltr'>χοή</span> <span class='ocrx_word' id='word_1_245' title='bbox 950 2983 989 3059; x_wconf 87' lang='grc' dir='ltr'>ἡ</span> <span class='ocrx_word' id='word_1_246' title='bbox 1048 2984 1325 3065; x_wconf 87' lang='grc' dir='ltr'>ςπονδή,</span> <span class='ocrx_word' id='word_1_247' title='bbox 1396 2985 1565 3067; x_wconf 90' lang='grc' dir='ltr'>βοή,</span> <span class='ocrx_word' id='word_1_248' title='bbox 1620 2985 1762 3061; x_wconf 86' lang='grc' dir='ltr'>θοή</span> <span class='ocrx_word' id='word_1_249' title='bbox 1821 2986 1897 3048; x_wconf 90' lang='grc' dir='ltr'>τὸ</span> <span class='ocrx_word' id='word_1_250' title='bbox 1953 2983 2278 3066; x_wconf 82' lang='grc' dir='ltr'>ἐπίθετον,</span> <span class='ocrx_word' id='word_1_251' title='bbox 2345 2984 2502 3064; x_wconf 86' lang='grc' dir='ltr'>Θόη</span> <span class='ocrx_word' id='word_1_252' title='bbox 2564 2987 2634 3049; x_wconf 79' lang='grc' dir='ltr'>δὲ</span> <span class='ocrx_word' id='word_1_253' title='bbox 2698 2985 2774 3049; x_wconf 84' lang='grc' dir='ltr'>τὸ</span> <span class='ocrx_word' id='word_1_254' title='bbox 2818 2982 3062 3067; x_wconf 90' lang='grc' dir='ltr'>κύριον,</span> 
     </span>
     <span class='ocr_line' id='line_1_28' title="bbox 477 3084 3064 3171; baseline 0.001 -25"><span class='ocrx_word' id='word_1_255' title='bbox 477 3084 694 3162; x_wconf 88' lang='grc' dir='ltr'>πνοή.</span> <span class='ocrx_word' id='word_1_256' title='bbox 782 3084 874 3149; x_wconf 84' lang='grc' dir='ltr'>ἔτι</span> <span class='ocrx_word' id='word_1_257' title='bbox 919 3087 1020 3149; x_wconf 85' lang='grc' dir='ltr'>καὶ</span> <span class='ocrx_word' id='word_1_258' title='bbox 1062 3086 1142 3149; x_wconf 86' lang='grc' dir='ltr'>τὰ</span> <span class='ocrx_word' id='word_1_259' title='bbox 1187 3086 1726 3168; x_wconf 87' lang='grc' dir='ltr'>ὑπερδιςύλλαβα,</span> <span class='ocrx_word' id='word_1_260' title='bbox 1783 3086 2021 3165; x_wconf 89' lang='grc' dir='ltr'>Οἰνόη</span> <span class='ocrx_word' id='word_1_261' title='bbox 2066 3086 2174 3165; x_wconf 93' lang='grc' dir='ltr'>μία</span> <span class='ocrx_word' id='word_1_262' title='bbox 2215 3091 2346 3151; x_wconf 89' lang='grc' dir='ltr'>τῶν</span> <span class='ocrx_word' id='word_1_263' title='bbox 2404 3087 2476 3150; x_wconf 82' lang='grc' dir='ltr'>ἑν</span> <span class='ocrx_word' id='word_1_264' title='bbox 2521 3087 2737 3171; x_wconf 85' lang='grc' dir='ltr'>Ἰκάρῳ</span> <span class='ocrx_word' id='word_1_265' title='bbox 2782 3087 2901 3150; x_wconf 93' lang='grc' dir='ltr'>δύο</span> <span class='ocrx_word' id='word_1_266' title='bbox 2946 3086 3064 3149; x_wconf 89' lang='grc' dir='ltr'>πό-</span> 
     </span>
    </p>
   </div>
   <div class='ocr_carea' id='block_1_3' title="bbox 480 3257 661 3263">
    <p class='ocr_par' dir='ltr' id='par_1_7' title="bbox 480 3257 661 3263">
     <span class='ocr_line' id='line_1_29' title="bbox 480 3257 661 3263; baseline 0 0"><span class='ocrx_word' id='word_1_267' title='bbox 480 3257 661 3263; x_wconf 95' lang='lat' dir='ltr'> </span> 
     </span>
    </p>
   </div>
   <div class='ocr_carea' id='block_1_4' title="bbox 478 3372 3068 4657">
    <p class='ocr_par' dir='ltr' id='par_1_8' title="bbox 478 3372 3068 4657">
     <span class='ocr_line' id='line_1_30' title="bbox 481 3372 3063 3440; baseline 0.001 -18"><span class='ocrx_word' id='word_1_268' title='bbox 481 3389 595 3423; x_wconf 90' lang='lat' dir='ltr'>rum</span> <span class='ocrx_word' id='word_1_269' title='bbox 632 3390 762 3439; x_wconf 76' lang='lat' dir='ltr'><strong>pars</strong></span> <span class='ocrx_word' id='word_1_270' title='bbox 797 3376 1068 3438; x_wconf 83' lang='lat' dir='ltr'><strong>posterior</strong></span> <span class='ocrx_word' id='word_1_271' title='bbox 1103 3392 1135 3424; x_wconf 86' lang='lat' dir='ltr'><strong>a</strong></span> <span class='ocrx_word' id='word_1_272' title='bbox 1173 3376 1344 3425; x_wconf 79' lang='lat' dir='ltr'><strong>verbo</strong></span> <span class='ocrx_word' id='word_1_273' title='bbox 1395 3374 1650 3425; x_wconf 81' lang='lat' dir='ltr'><strong>derivata</strong></span> <span class='ocrx_word' id='word_1_274' title='bbox 1696 3381 1798 3425; x_wconf 83' lang='lat' dir='ltr'><strong>est.</strong></span> <span class='ocrx_word' id='word_1_275' title='bbox 1872 3377 2105 3427; x_wconf 80' lang='lat' dir='ltr'><strong>Nomina</strong></span> <span class='ocrx_word' id='word_1_276' title='bbox 2153 3375 2281 3425; x_wconf 86' lang='lat' dir='ltr'><strong>inde</strong></span> <span class='ocrx_word' id='word_1_277' title='bbox 2328 3376 2397 3426; x_wconf 83' lang='lat' dir='ltr'>ab</span> <span class='ocrx_word' id='word_1_278' title='bbox 2436 3372 2696 3440; x_wconf 79' lang='grc' dir='ltr'>ίςτοδόκη</span> <span class='ocrx_word' id='word_1_279' title='bbox 2733 3402 2797 3410; x_wconf 85' lang='lat'>-—</span> <span class='ocrx_word' id='word_1_280' title='bbox 2833 3372 3063 3439; x_wconf 80' lang='grc' dir='ltr'>οἰνοχόη</span> 
     </span>
     <span class='ocr_line' id='line_1_31' title="bbox 482 3440 3068 3509; baseline 0 -18"><span class='ocrx_word' id='word_1_281' title='bbox 482 3458 547 3491; x_wconf 84' lang='lat' dir='ltr'><strong>ex</strong></span> <span class='ocrx_word' id='word_1_282' title='bbox 584 3441 856 3491; x_wconf 82' lang='lat' dir='ltr'><strong>consimili</strong></span> <span class='ocrx_word' id='word_1_283' title='bbox 892 3441 1009 3492; x_wconf 84' lang='lat' dir='ltr'><strong>loeo</strong></span> <span class='ocrx_word' id='word_1_284' title='bbox 1044 3443 1109 3492; x_wconf 90' lang='lat' dir='ltr'>Il.</span> <span class='ocrx_word' id='word_1_285' title='bbox 1134 3444 1223 3494; x_wconf 89' lang='lat' dir='ltr'>Pr.</span> <span class='ocrx_word' id='word_1_286' title='bbox 1250 3442 1296 3494; x_wconf 91' lang='grc' dir='ltr'>Ξ</span> <span class='ocrx_word' id='word_1_287' title='bbox 1322 3445 1421 3493; x_wconf 79' lang='grc'>372</span> <span class='ocrx_word' id='word_1_288' title='bbox 1458 3443 1649 3493; x_wconf 84' lang='lat' dir='ltr'><strong>addita</strong></span> <span class='ocrx_word' id='word_1_289' title='bbox 1676 3449 1839 3493; x_wconf 68' lang='lat' dir='ltr'><strong>sunt:</strong></span> <span class='ocrx_word' id='word_1_290' title='bbox 1878 3444 2030 3507; x_wconf 85' lang='grc' dir='ltr'>φιλεῖ</span> <span class='ocrx_word' id='word_1_291' title='bbox 2063 3440 2135 3494; x_wconf 86' lang='grc' dir='ltr'>τὰ</span> <span class='ocrx_word' id='word_1_292' title='bbox 2172 3441 2250 3495; x_wconf 88' lang='grc' dir='ltr'>εἰς</span> <span class='ocrx_word' id='word_1_293' title='bbox 2285 3447 2320 3506; x_wconf 83' lang='grc' dir='ltr'>ἡ</span> <span class='ocrx_word' id='word_1_294' title='bbox 2359 3442 2606 3508; x_wconf 88' lang='grc' dir='ltr'>λήγοντα</span> <span class='ocrx_word' id='word_1_295' title='bbox 2643 3441 2857 3509; x_wconf 85' lang='grc' dir='ltr'>θηλυκὰ</span> <span class='ocrx_word' id='word_1_296' title='bbox 2891 3441 3068 3493; x_wconf 87' lang='grc' dir='ltr'>διςύλ-</span> 
     </span>
     <span class='ocr_line' id='line_1_32' title="bbox 480 3506 3064 3575; baseline -0 -15"><span class='ocrx_word' id='word_1_297' title='bbox 480 3509 621 3571; x_wconf 88' lang='grc' dir='ltr'>λαβα</span> <span class='ocrx_word' id='word_1_298' title='bbox 659 3506 970 3571; x_wconf 86' lang='grc' dir='ltr'>ὀξυνόμενα</span> <span class='ocrx_word' id='word_1_299' title='bbox 1008 3509 1369 3573; x_wconf 85' lang='grc' dir='ltr'>ςυντιθὲμενα</span> <span class='ocrx_word' id='word_1_300' title='bbox 1404 3510 1496 3562; x_wconf 84' lang='grc' dir='ltr'>καὶ</span> <span class='ocrx_word' id='word_1_301' title='bbox 1533 3510 1607 3574; x_wconf 87' lang='grc' dir='ltr'>μὴ</span> <span class='ocrx_word' id='word_1_302' title='bbox 1644 3509 1913 3573; x_wconf 85' lang='grc' dir='ltr'>γινόμενα</span> <span class='ocrx_word' id='word_1_303' title='bbox 1939 3511 2100 3575; x_wconf 86' lang='grc' dir='ltr'>κύρια</span> <span class='ocrx_word' id='word_1_304' title='bbox 2131 3510 2267 3562; x_wconf 86' lang='grc' dir='ltr'>τότε</span> <span class='ocrx_word' id='word_1_305' title='bbox 2289 3510 2396 3573; x_wconf 84' lang='grc' dir='ltr'>μὲν</span> <span class='ocrx_word' id='word_1_306' title='bbox 2420 3510 2719 3575; x_wconf 87' lang='grc' dir='ltr'>φυλάςςειν</span> <span class='ocrx_word' id='word_1_307' title='bbox 2743 3509 2849 3560; x_wconf 89' lang='grc' dir='ltr'>τὸν</span> <span class='ocrx_word' id='word_1_308' title='bbox 2872 3510 3064 3573; x_wconf 88' lang='grc' dir='ltr'>τόνον,</span> 
     </span>
     <span class='ocr_line' id='line_1_33' title="bbox 482 3575 3061 3642; baseline 0.001 -16"><span class='ocrx_word' id='word_1_309' title='bbox 482 3575 580 3626; x_wconf 81' lang='grc' dir='ltr'>ὅτε</span> <span class='ocrx_word' id='word_1_310' title='bbox 619 3575 757 3638; x_wconf 86' lang='grc' dir='ltr'>μετὰ</span> <span class='ocrx_word' id='word_1_311' title='bbox 803 3575 1121 3640; x_wconf 84' lang='grc' dir='ltr'>προθὲςεως</span> <span class='ocrx_word' id='word_1_312' title='bbox 1165 3576 1506 3641; x_wconf 81' lang='grc' dir='ltr'>ςυντίθεται,</span> <span class='ocrx_word' id='word_1_313' title='bbox 1554 3576 1689 3629; x_wconf 87' lang='grc' dir='ltr'>τότε</span> <span class='ocrx_word' id='word_1_314' title='bbox 1738 3578 1830 3631; x_wconf 60' lang='grc' dir='ltr'>δὲ(</span> <span class='ocrx_word' id='word_1_315' title='bbox 1845 3577 2219 3642; x_wconf 87' lang='grc' dir='ltr'>ἀναβιβάζειν,</span> <span class='ocrx_word' id='word_1_316' title='bbox 2269 3578 2368 3630; x_wconf 86' lang='grc' dir='ltr'>ὅτε</span> <span class='ocrx_word' id='word_1_317' title='bbox 2412 3577 2479 3630; x_wconf 85' lang='grc' dir='ltr'>οὐ</span> <span class='ocrx_word' id='word_1_318' title='bbox 2529 3579 2670 3642; x_wconf 85' lang='grc' dir='ltr'>μετὰ</span> <span class='ocrx_word' id='word_1_319' title='bbox 2722 3577 3061 3642; x_wconf 85' lang='grc' dir='ltr'>προθέςεως,</span> 
     </span>
     <span class='ocr_line' id='line_1_34' title="bbox 481 3642 3064 3714; baseline 0 -20"><span class='ocrx_word' id='word_1_320' title='bbox 481 3642 753 3707; x_wconf 78' lang='grc' dir='ltr'>ἑπιτομή,</span> <span class='ocrx_word' id='word_1_321' title='bbox 792 3642 985 3708; x_wconf 80' lang='grc' dir='ltr'>ἀνοχή,</span> <span class='ocrx_word' id='word_1_322' title='bbox 1056 3644 1315 3710; x_wconf 83' lang='grc' dir='ltr'>ίςτοδόκη</span> <span class='ocrx_word' id='word_1_323' title='bbox 1352 3645 1413 3696; x_wconf 80' lang='grc' dir='ltr'>δὲ</span> <span class='ocrx_word' id='word_1_324' title='bbox 1450 3645 1538 3697; x_wconf 81' lang='grc' dir='ltr'>καὶ</span> <span class='ocrx_word' id='word_1_325' title='bbox 1576 3645 1930 3711; x_wconf 86' lang='grc' dir='ltr'>καπνοδόκη,</span> <span class='ocrx_word' id='word_1_326' title='bbox 1970 3645 2223 3711; x_wconf 84' lang='grc' dir='ltr'>λατύπη,</span> <span class='ocrx_word' id='word_1_327' title='bbox 2262 3644 2507 3714; x_wconf 87' lang='grc' dir='ltr'>οἰνοχόη.</span> <span class='ocrx_word' id='word_1_328' title='bbox 2579 3648 2648 3697; x_wconf 78' lang='lat' dir='ltr'><strong>ef.</strong></span> <span class='ocrx_word' id='word_1_329' title='bbox 2687 3648 2822 3697; x_wconf 91' lang='lat' dir='ltr'><strong>Lob.</strong></span> <span class='ocrx_word' id='word_1_330' title='bbox 2864 3646 3064 3696; x_wconf 87' lang='lat' dir='ltr'><strong>Parall.</strong></span> 
     </span>
     <span class='ocr_line' id='line_1_35' title="bbox 482 3712 3064 3780; baseline 0.001 -19"><span class='ocrx_word' id='word_1_331' title='bbox 482 3729 532 3776; x_wconf 87' lang='lat' dir='ltr'>p.</span> <span class='ocrx_word' id='word_1_332' title='bbox 571 3715 669 3762; x_wconf 88' lang='grc'>379</span> <span class='ocrx_word' id='word_1_333' title='bbox 705 3728 825 3762; x_wconf 82' lang='lat' dir='ltr'>cum</span> <span class='ocrx_word' id='word_1_334' title='bbox 863 3719 974 3762; x_wconf 88' lang='lat' dir='ltr'><strong>not.</strong></span> <span class='ocrx_word' id='word_1_335' title='bbox 1002 3716 1082 3764; x_wconf 80' lang='lat'>95.</span> <span class='ocrx_word' id='word_1_336' title='bbox 1155 3714 1443 3764; x_wconf 78' lang='lat' dir='ltr'><strong>Diversam</strong></span> <span class='ocrx_word' id='word_1_337' title='bbox 1480 3714 1815 3764; x_wconf 84' lang='lat' dir='ltr'><strong>sententiam</strong></span> <span class='ocrx_word' id='word_1_338' title='bbox 1853 3716 1919 3764; x_wconf 89' lang='lat' dir='ltr'><strong>de</strong></span> <span class='ocrx_word' id='word_1_339' title='bbox 1958 3712 2270 3778; x_wconf 85' lang='grc' dir='ltr'>ἀςτεροπή,</span> <span class='ocrx_word' id='word_1_340' title='bbox 2311 3715 2455 3780; x_wconf 87' lang='lat' dir='ltr'><strong>quod</strong></span> <span class='ocrx_word' id='word_1_341' title='bbox 2493 3731 2614 3765; x_wconf 83' lang='lat' dir='ltr'>cum</span> <span class='ocrx_word' id='word_1_342' title='bbox 2651 3712 2896 3778; x_wconf 86' lang='grc' dir='ltr'>λαλητός</span> <span class='ocrx_word' id='word_1_343' title='bbox 2932 3713 3064 3764; x_wconf 84' lang='grc' dir='ltr'>ἀλα-</span> 
     </span>
     <span class='ocr_line' id='line_1_36' title="bbox 481 3779 3066 3847; baseline 0 -17"><span class='ocrx_word' id='word_1_344' title='bbox 481 3779 652 3844; x_wconf 87' lang='grc' dir='ltr'>λητός</span> <span class='ocrx_word' id='word_1_345' title='bbox 698 3785 919 3844; x_wconf 82' lang='lat' dir='ltr'><strong>propter</strong></span> <span class='ocrx_word' id='word_1_346' title='bbox 962 3783 996 3830; x_wconf 83' lang='grc' dir='ltr'>ἇ</span> <span class='ocrx_word' id='word_1_347' title='bbox 1041 3781 1444 3846; x_wconf 80' lang='lat' dir='ltr'><strong>pleonasticum</strong></span> <span class='ocrx_word' id='word_1_348' title='bbox 1486 3788 1794 3847; x_wconf 85' lang='lat' dir='ltr'><strong>comparat,</strong></span> <span class='ocrx_word' id='word_1_349' title='bbox 1844 3784 2100 3847; x_wconf 83' lang='lat' dir='ltr'><strong>proponit</strong></span> <span class='ocrx_word' id='word_1_350' title='bbox 2143 3782 2345 3833; x_wconf 81' lang='lat' dir='ltr'><strong>Herod.</strong></span> <span class='ocrx_word' id='word_1_351' title='bbox 2392 3784 2450 3833; x_wconf 88' lang='lat' dir='ltr'><strong>in</strong></span> <span class='ocrx_word' id='word_1_352' title='bbox 2486 3782 2550 3833; x_wconf 91' lang='lat' dir='ltr'>Il.</span> <span class='ocrx_word' id='word_1_353' title='bbox 2585 3785 2674 3834; x_wconf 82' lang='lat' dir='ltr'>Pr.</span> <span class='ocrx_word' id='word_1_354' title='bbox 2711 3780 2757 3834; x_wconf 87' lang='grc' dir='ltr'>Θ</span> <span class='ocrx_word' id='word_1_355' title='bbox 2798 3784 2919 3845; x_wconf 93' lang='grc'>178,</span> <span class='ocrx_word' id='word_1_356' title='bbox 2968 3782 3066 3833; x_wconf 85' lang='lat' dir='ltr'><strong>sed</strong></span> 
     </span>
     <span class='ocr_line' id='line_1_37' title="bbox 480 3847 3067 3914; baseline 0 -17"><span class='ocrx_word' id='word_1_357' title='bbox 480 3863 599 3897; x_wconf 82' lang='lat' dir='ltr'><strong>eum</strong></span> <span class='ocrx_word' id='word_1_358' title='bbox 648 3855 839 3898; x_wconf 82' lang='lat' dir='ltr'><strong>nostro</strong></span> <span class='ocrx_word' id='word_1_359' title='bbox 885 3849 1129 3899; x_wconf 82' lang='lat' dir='ltr'><strong>concinit</strong></span> <span class='ocrx_word' id='word_1_360' title='bbox 1169 3849 1233 3898; x_wconf 84' lang='grc' dir='ltr'>Ε.</span> <span class='ocrx_word' id='word_1_361' title='bbox 1273 3849 1460 3899; x_wconf 90' lang='lat' dir='ltr'><strong>Orion.</strong></span> <span class='ocrx_word' id='word_1_362' title='bbox 1503 3852 1592 3912; x_wconf 85' lang='grc'>17,</span> <span class='ocrx_word' id='word_1_363' title='bbox 1631 3852 1722 3901; x_wconf 83' lang='lat'>23:</span> <span class='ocrx_word' id='word_1_364' title='bbox 1778 3847 2091 3914; x_wconf 76' lang='grc' dir='ltr'>ἀςτεροπήε</span> <span class='ocrx_word' id='word_1_365' title='bbox 2142 3849 2308 3901; x_wconf 79' lang='grc' dir='ltr'>ὀπτω</span> <span class='ocrx_word' id='word_1_366' title='bbox 2345 3849 2496 3914; x_wconf 82' lang='grc' dir='ltr'>ὀπτή</span> <span class='ocrx_word' id='word_1_367' title='bbox 2536 3847 2881 3914; x_wconf 85' lang='grc' dir='ltr'>ἀςτεροπτή,</span> <span class='ocrx_word' id='word_1_368' title='bbox 2930 3848 3067 3899; x_wconf 77' lang='grc' dir='ltr'>κατ’</span> 
     </span>
     <span class='ocr_line' id='line_1_38' title="bbox 482 3913 3066 3983; baseline 0.001 -19"><span class='ocrx_word' id='word_1_369' title='bbox 482 3913 773 3978; x_wconf 89' lang='grc' dir='ltr'>ἀποβολὴν</span> <span class='ocrx_word' id='word_1_370' title='bbox 807 3918 911 3965; x_wconf 82' lang='grc' dir='ltr'>τοῦ</span> <span class='ocrx_word' id='word_1_371' title='bbox 949 3920 982 3966; x_wconf 67' lang='lat' dir='ltr'>‘T-</span> <span class='ocrx_word' id='word_1_372' title='bbox 1017 3914 1330 3980; x_wconf 86' lang='grc' dir='ltr'>ἀςτεροπή,</span> <span class='ocrx_word' id='word_1_373' title='bbox 1368 3915 1553 3968; x_wconf 78' lang='grc' dir='ltr'>οὕτως</span> <span class='ocrx_word' id='word_1_374' title='bbox 1579 3916 1921 3982; x_wconf 86' lang='grc' dir='ltr'>Ἡρωδιανὸς</span> <span class='ocrx_word' id='word_1_375' title='bbox 1959 3916 2020 3968; x_wconf 80' lang='grc' dir='ltr'>ἐν</span> <span class='ocrx_word' id='word_1_376' title='bbox 2055 3920 2140 3983; x_wconf 77' lang='grc' dir='ltr'>τῷ</span> <span class='ocrx_word' id='word_1_377' title='bbox 2179 3918 2306 3982; x_wconf 79' lang='grc' dir='ltr'>περὶ</span> <span class='ocrx_word' id='word_1_378' title='bbox 2344 3920 2561 3969; x_wconf 86' lang='grc' dir='ltr'>παθῶν.</span> <span class='ocrx_word' id='word_1_379' title='bbox 2697 3917 2730 3966; x_wconf 92' lang='lat' dir='ltr'>l.</span> <span class='ocrx_word' id='word_1_380' title='bbox 2758 3920 2784 3967; x_wconf 88' lang='grc'>7</span> <span class='ocrx_word' id='word_1_381' title='bbox 2825 3914 3066 3978; x_wconf 81' lang='grc' dir='ltr'>ἑπιτομή</span> 
     </span>
     <span class='ocr_line' id='line_1_39' title="bbox 479 3980 3067 4051; baseline 0 -18"><span class='ocrx_word' id='word_1_382' title='bbox 479 3980 655 4046; x_wconf 77' lang='grc' dir='ltr'>ἀνοχή</span> <span class='ocrx_word' id='word_1_383' title='bbox 701 3984 885 4047; x_wconf 81' lang='lat' dir='ltr'>recepi</span> <span class='ocrx_word' id='word_1_384' title='bbox 932 4001 999 4035; x_wconf 78' lang='lat' dir='ltr'><strong>ex</strong></span> <span class='ocrx_word' id='word_1_385' title='bbox 1046 3986 1110 4035; x_wconf 92' lang='lat' dir='ltr'>Il.</span> <span class='ocrx_word' id='word_1_386' title='bbox 1156 3986 1247 4035; x_wconf 86' lang='lat' dir='ltr'>Pr.</span> <span class='ocrx_word' id='word_1_387' title='bbox 1286 3983 1334 4035; x_wconf 89' lang='grc' dir='ltr'>Ξ</span> <span class='ocrx_word' id='word_1_388' title='bbox 1377 3987 1493 4035; x_wconf 81' lang='grc'>372.</span> <span class='ocrx_word' id='word_1_389' title='bbox 1700 3985 1732 4037; x_wconf 88' lang='lat' dir='ltr'>l.</span> <span class='ocrx_word' id='word_1_390' title='bbox 1773 3989 1837 4037; x_wconf 85' lang='lat'>13</span> <span class='ocrx_word' id='word_1_391' title='bbox 1882 3986 1983 4050; x_wconf 87' lang='grc' dir='ltr'>βοῆ</span> <span class='ocrx_word' id='word_1_392' title='bbox 2028 4001 2201 4050; x_wconf 76' lang='lat' dir='ltr'><strong>usque</strong></span> <span class='ocrx_word' id='word_1_393' title='bbox 2249 3986 2320 4036; x_wconf 84' lang='lat' dir='ltr'>ad</span> <span class='ocrx_word' id='word_1_394' title='bbox 2364 3988 2542 4051; x_wconf 84' lang='grc' dir='ltr'>τραγῆ</span> <span class='ocrx_word' id='word_1_395' title='bbox 2589 3984 2782 4035; x_wconf 84' lang='lat' dir='ltr'><strong>addita</strong></span> <span class='ocrx_word' id='word_1_396' title='bbox 2826 3991 2954 4034; x_wconf 85' lang='lat' dir='ltr'><strong>sunt</strong></span> <span class='ocrx_word' id='word_1_397' title='bbox 2999 3999 3067 4034; x_wconf 81' lang='lat' dir='ltr'><strong>ex</strong></span> 
     </span>
     <span class='ocr_line' id='line_1_40' title="bbox 481 4049 3066 4116; baseline 0 -16"><span class='ocrx_word' id='word_1_398' title='bbox 481 4051 725 4115; x_wconf 83' lang='lat' dir='ltr'><strong>Theogn.</strong></span> <span class='ocrx_word' id='word_1_399' title='bbox 766 4053 882 4113; x_wconf 88' lang='grc'>108,</span> <span class='ocrx_word' id='word_1_400' title='bbox 922 4055 1001 4112; x_wconf 86' lang='grc'>10.</span> <span class='ocrx_word' id='word_1_401' title='bbox 1141 4051 1178 4103; x_wconf 92' lang='lat' dir='ltr'>l.</span> <span class='ocrx_word' id='word_1_402' title='bbox 1219 4054 1280 4101; x_wconf 84' lang='lat'>15</span> <span class='ocrx_word' id='word_1_403' title='bbox 1317 4050 1477 4116; x_wconf 89' lang='grc' dir='ltr'>Δαύη</span> <span class='ocrx_word' id='word_1_404' title='bbox 1516 4053 1690 4103; x_wconf 80' lang='lat' dir='ltr'><strong>adieci</strong></span> <span class='ocrx_word' id='word_1_405' title='bbox 1731 4069 1797 4102; x_wconf 82' lang='lat' dir='ltr'><strong>ex</strong></span> <span class='ocrx_word' id='word_1_406' title='bbox 1837 4054 1916 4104; x_wconf 79' lang='lat' dir='ltr'><strong>St.</strong></span> <span class='ocrx_word' id='word_1_407' title='bbox 1953 4054 2043 4115; x_wconf 86' lang='grc' dir='ltr'>Β.,</span> <span class='ocrx_word' id='word_1_408' title='bbox 2091 4055 2186 4103; x_wconf 89' lang='lat' dir='ltr'><strong>ubi</strong></span> <span class='ocrx_word' id='word_1_409' title='bbox 2226 4053 2430 4104; x_wconf 80' lang='lat' dir='ltr'><strong>diserte</strong></span> <span class='ocrx_word' id='word_1_410' title='bbox 2468 4054 2689 4102; x_wconf 86' lang='lat' dir='ltr'><strong>additur</strong></span> <span class='ocrx_word' id='word_1_411' title='bbox 2725 4049 3066 4115; x_wconf 84' lang='grc' dir='ltr'>βαρυτόνως.</span> 
     </span>
     <span class='ocr_line' id='line_1_41' title="bbox 480 4116 3066 4185; baseline 0 -18"><span class='ocrx_word' id='word_1_412' title='bbox 480 4119 561 4167; x_wconf 93' lang='lat' dir='ltr'><strong>De</strong></span> <span class='ocrx_word' id='word_1_413' title='bbox 602 4116 810 4182; x_wconf 84' lang='grc' dir='ltr'>Ἀγαυή</span> <span class='ocrx_word' id='word_1_414' title='bbox 850 4120 920 4171; x_wconf 83' lang='lat' dir='ltr'><strong>ef.</strong></span> <span class='ocrx_word' id='word_1_415' title='bbox 960 4119 1134 4169; x_wconf 83' lang='lat' dir='ltr'><strong>Lehrs</strong></span> <span class='ocrx_word' id='word_1_416' title='bbox 1170 4120 1339 4173; x_wconf 86' lang='lat' dir='ltr'><strong>Arist.</strong></span> <span class='ocrx_word' id='word_1_417' title='bbox 1376 4120 1475 4168; x_wconf 79' lang='lat'>282</span> <span class='ocrx_word' id='word_1_418' title='bbox 1513 4120 1595 4169; x_wconf 84' lang='lat' dir='ltr'><strong>ed.</strong></span> <span class='ocrx_word' id='word_1_419' title='bbox 1633 4121 1704 4171; x_wconf 89' lang='grc' dir='ltr'>ΙΙ.</span> <span class='ocrx_word' id='word_1_420' title='bbox 1781 4119 2003 4185; x_wconf 87' lang='grc' dir='ltr'>Κραναή</span> <span class='ocrx_word' id='word_1_421' title='bbox 2043 4120 2233 4169; x_wconf 78' lang='lat' dir='ltr'><strong>addidi</strong></span> <span class='ocrx_word' id='word_1_422' title='bbox 2270 4138 2338 4172; x_wconf 81' lang='lat' dir='ltr'><strong>ex</strong></span> <span class='ocrx_word' id='word_1_423' title='bbox 2375 4122 2457 4171; x_wconf 82' lang='lat' dir='ltr'>St.</span> <span class='ocrx_word' id='word_1_424' title='bbox 2493 4122 2554 4170; x_wconf 91' lang='lat' dir='ltr'>B.</span> <span class='ocrx_word' id='word_1_425' title='bbox 2594 4136 2639 4169; x_wconf 78' lang='lat' dir='ltr'>s·</span> <span class='ocrx_word' id='word_1_426' title='bbox 2676 4136 2750 4181; x_wconf 80' lang='grc' dir='ltr'>ν.,</span> <span class='ocrx_word' id='word_1_427' title='bbox 2787 4119 2883 4168; x_wconf 84' lang='lat' dir='ltr'><strong>ubi</strong></span> <span class='ocrx_word' id='word_1_428' title='bbox 2919 4119 3066 4167; x_wconf 80' lang='lat' dir='ltr'><strong>aeui-</strong></span> 
     </span>
     <span class='ocr_line' id='line_1_42' title="bbox 478 4185 3066 4251; baseline 0 -16"><span class='ocrx_word' id='word_1_429' title='bbox 478 4192 590 4245; x_wconf 85' lang='lat' dir='ltr'><strong>tur,</strong></span> <span class='ocrx_word' id='word_1_430' title='bbox 630 4202 808 4251; x_wconf 86' lang='lat' dir='ltr'><strong>neque</strong></span> <span class='ocrx_word' id='word_1_431' title='bbox 845 4186 1008 4237; x_wconf 84' lang='lat' dir='ltr'><strong>fldem</strong></span> <span class='ocrx_word' id='word_1_432' title='bbox 1048 4193 1291 4238; x_wconf 80' lang='lat' dir='ltr'><strong>meretur</strong></span> <span class='ocrx_word' id='word_1_433' title='bbox 1327 4186 1507 4237; x_wconf 82' lang='lat' dir='ltr'><strong>Schol.</strong></span> <span class='ocrx_word' id='word_1_434' title='bbox 1544 4188 1593 4237; x_wconf 93' lang='lat' dir='ltr'><strong>D</strong></span> <span class='ocrx_word' id='word_1_435' title='bbox 1631 4188 1704 4237; x_wconf 85' lang='lat' dir='ltr'>ad</span> <span class='ocrx_word' id='word_1_436' title='bbox 1740 4188 1803 4240; x_wconf 92' lang='lat' dir='ltr'>Il.</span> <span class='ocrx_word' id='word_1_437' title='bbox 1849 4187 1881 4238; x_wconf 90' lang='grc' dir='ltr'>Γ</span> <span class='ocrx_word' id='word_1_438' title='bbox 1916 4190 2017 4237; x_wconf 83' lang='lat'>445</span> <span class='ocrx_word' id='word_1_439' title='bbox 2063 4187 2489 4250; x_wconf 81' lang='grc' dir='ltr'>παροξυτόνως,</span> <span class='ocrx_word' id='word_1_440' title='bbox 2527 4185 2622 4239; x_wconf 83' lang='grc' dir='ltr'>ἵνα</span> <span class='ocrx_word' id='word_1_441' title='bbox 2659 4185 2838 4248; x_wconf 82' lang='grc' dir='ltr'>ὄνομα</span> <span class='ocrx_word' id='word_1_442' title='bbox 2875 4185 3066 4249; x_wconf 88' lang='grc' dir='ltr'>κύριον</span> 
     </span>
     <span class='ocr_line' id='line_1_43' title="bbox 480 4251 3065 4320; baseline 0 -17"><span class='ocrx_word' id='word_1_443' title='bbox 480 4253 724 4318; x_wconf 86' lang='grc' dir='ltr'>γένηται.</span> <span class='ocrx_word' id='word_1_444' title='bbox 862 4255 899 4304; x_wconf 94' lang='lat' dir='ltr'>l.</span> <span class='ocrx_word' id='word_1_445' title='bbox 939 4259 1005 4307; x_wconf 83' lang='grc'>20</span> <span class='ocrx_word' id='word_1_446' title='bbox 1042 4252 1187 4319; x_wconf 90' lang='grc' dir='ltr'>Βεύη</span> <span class='ocrx_word' id='word_1_447' title='bbox 1227 4256 1449 4319; x_wconf 79' lang='lat' dir='ltr'>explevi</span> <span class='ocrx_word' id='word_1_448' title='bbox 1485 4271 1554 4305; x_wconf 83' lang='lat' dir='ltr'><strong>ex</strong></span> <span class='ocrx_word' id='word_1_449' title='bbox 1589 4255 1667 4306; x_wconf 83' lang='lat' dir='ltr'><strong>St.</strong></span> <span class='ocrx_word' id='word_1_450' title='bbox 1708 4255 1798 4317; x_wconf 91' lang='grc' dir='ltr'>Β.,</span> <span class='ocrx_word' id='word_1_451' title='bbox 1835 4253 1947 4319; x_wconf 85' lang='grc' dir='ltr'>Εὔη</span> <span class='ocrx_word' id='word_1_452' title='bbox 1985 4257 2019 4304; x_wconf 92' lang='lat' dir='ltr'><strong>i.</strong></span> <span class='ocrx_word' id='word_1_453' title='bbox 2055 4270 2105 4318; x_wconf 93' lang='lat' dir='ltr'>q.</span> <span class='ocrx_word' id='word_1_454' title='bbox 2144 4253 2270 4305; x_wconf 80' lang='grc' dir='ltr'>Εὕα.</span> <span class='ocrx_word' id='word_1_455' title='bbox 2317 4253 2600 4318; x_wconf 83' lang='grc' dir='ltr'>ὑποςκευή</span> <span class='ocrx_word' id='word_1_456' title='bbox 2639 4271 2735 4320; x_wconf 87' lang='lat' dir='ltr'>pro</span> <span class='ocrx_word' id='word_1_457' title='bbox 2772 4251 3065 4316; x_wconf 81' lang='grc' dir='ltr'>οἰκοςκευή</span> 
     </span>
     <span class='ocr_line' id='line_1_44' title="bbox 480 4321 3067 4388; baseline 0.001 -20"><span class='ocrx_word' id='word_1_458' title='bbox 480 4321 825 4385; x_wconf 82' lang='lat' dir='ltr'><strong>Byzantinae</strong></span> <span class='ocrx_word' id='word_1_459' title='bbox 860 4325 1182 4388; x_wconf 78' lang='lat' dir='ltr'><strong>graecitatis</strong></span> <span class='ocrx_word' id='word_1_460' title='bbox 1207 4324 1342 4373; x_wconf 91' lang='lat' dir='ltr'><strong>Lob.</strong></span> <span class='ocrx_word' id='word_1_461' title='bbox 1368 4322 1568 4373; x_wconf 83' lang='lat' dir='ltr'><strong>Parall.</strong></span> <span class='ocrx_word' id='word_1_462' title='bbox 1594 4325 1693 4373; x_wconf 82' lang='lat'>379</span> <span class='ocrx_word' id='word_1_463' title='bbox 1718 4329 1830 4373; x_wconf 87' lang='lat' dir='ltr'><strong>not.</strong></span> <span class='ocrx_word' id='word_1_464' title='bbox 1857 4326 1938 4373; x_wconf 83' lang='lat'>96.</span> <span class='ocrx_word' id='word_1_465' title='bbox 1966 4349 2028 4358; x_wconf 89' lang='lat'>-</span> <span class='ocrx_word' id='word_1_466' title='bbox 2055 4324 2319 4372; x_wconf 82' lang='lat' dir='ltr'><strong>Fortasse</strong></span> <span class='ocrx_word' id='word_1_467' title='bbox 2345 4323 2437 4372; x_wconf 83' lang='lat' dir='ltr'>hie</span> <span class='ocrx_word' id='word_1_468' title='bbox 2460 4327 2935 4374; x_wconf 79' lang='lat' dir='ltr'><strong>commemoratum</strong></span> <span class='ocrx_word' id='word_1_469' title='bbox 2963 4322 3067 4371; x_wconf 85' lang='lat' dir='ltr'><strong>fuit</strong></span> 
     </span>
     <span class='ocr_line' id='line_1_45' title="bbox 483 4386 3066 4455; baseline 0 -17"><span class='ocrx_word' id='word_1_470' title='bbox 483 4386 613 4453; x_wconf 87' lang='grc' dir='ltr'>Βοίη</span> <span class='ocrx_word' id='word_1_471' title='bbox 659 4391 696 4439; x_wconf 92' lang='lat' dir='ltr'><strong>i.</strong></span> <span class='ocrx_word' id='word_1_472' title='bbox 737 4406 786 4454; x_wconf 92' lang='lat' dir='ltr'>q.</span> <span class='ocrx_word' id='word_1_473' title='bbox 836 4388 1031 4455; x_wconf 88' lang='grc' dir='ltr'>Βοίβη,</span> <span class='ocrx_word' id='word_1_474' title='bbox 1080 4396 1141 4441; x_wconf 84' lang='lat' dir='ltr'><strong>ut</strong></span> <span class='ocrx_word' id='word_1_475' title='bbox 1187 4390 1435 4440; x_wconf 79' lang='lat' dir='ltr'><strong>concludi</strong></span> <span class='ocrx_word' id='word_1_476' title='bbox 1480 4395 1663 4454; x_wconf 83' lang='lat' dir='ltr'><strong>potest</strong></span> <span class='ocrx_word' id='word_1_477' title='bbox 1707 4406 1775 4438; x_wconf 83' lang='lat' dir='ltr'><strong>ex</strong></span> <span class='ocrx_word' id='word_1_478' title='bbox 1822 4390 1900 4439; x_wconf 79' lang='lat' dir='ltr'>St.</span> <span class='ocrx_word' id='word_1_479' title='bbox 1937 4390 1998 4438; x_wconf 87' lang='grc' dir='ltr'>Β.</span> <span class='ocrx_word' id='word_1_480' title='bbox 2044 4388 2209 4440; x_wconf 90' lang='grc' dir='ltr'>Βοιόν</span> <span class='ocrx_word' id='word_1_481' title='bbox 2255 4388 2327 4452; x_wconf 88' lang='grc' dir='ltr'>ἣν</span> <span class='ocrx_word' id='word_1_482' title='bbox 2372 4387 2622 4453; x_wconf 87' lang='grc' dir='ltr'>Ὅμηρος</span> <span class='ocrx_word' id='word_1_483' title='bbox 2669 4389 2814 4440; x_wconf 80' lang='grc' dir='ltr'>ἔοικε</span> <span class='ocrx_word' id='word_1_484' title='bbox 2863 4386 3066 4453; x_wconf 87' lang='grc' dir='ltr'>Βοίβην</span> 
     </span>
     <span class='ocr_line' id='line_1_46' title="bbox 483 4453 3066 4522; baseline 0 -17"><span class='ocrx_word' id='word_1_485' title='bbox 483 4455 681 4518; x_wconf 83' lang='grc' dir='ltr'>λέγειν.</span> <span class='ocrx_word' id='word_1_486' title='bbox 752 4456 865 4508; x_wconf 85' lang='grc' dir='ltr'>ἔςτι</span> <span class='ocrx_word' id='word_1_487' title='bbox 901 4457 961 4508; x_wconf 81' lang='grc' dir='ltr'>δὲ</span> <span class='ocrx_word' id='word_1_488' title='bbox 997 4457 1228 4522; x_wconf 88' lang='grc' dir='ltr'>Δωρική</span> <span class='ocrx_word' id='word_1_489' title='bbox 1267 4456 1429 4508; x_wconf 89' lang='grc' dir='ltr'>πόλις</span> <span class='ocrx_word' id='word_1_490' title='bbox 1474 4455 1790 4519; x_wconf 83' lang='grc' dir='ltr'>οὐδετέρως</span> <span class='ocrx_word' id='word_1_491' title='bbox 1837 4455 2114 4521; x_wconf 83' lang='grc' dir='ltr'>λεγομένη</span> <span class='ocrx_word' id='word_1_492' title='bbox 2160 4454 2251 4507; x_wconf 82' lang='grc' dir='ltr'>καὶ</span> <span class='ocrx_word' id='word_1_493' title='bbox 2289 4456 2563 4520; x_wconf 83' lang='grc' dir='ltr'>θηλυκῶς.</span> <span class='ocrx_word' id='word_1_494' title='bbox 2635 4456 2748 4507; x_wconf 80' lang='grc' dir='ltr'>ἔςτι</span> <span class='ocrx_word' id='word_1_495' title='bbox 2787 4453 2938 4507; x_wconf 90' lang='grc' dir='ltr'>Βοιαί</span> <span class='ocrx_word' id='word_1_496' title='bbox 2976 4456 3066 4507; x_wconf 78' lang='grc' dir='ltr'>καὶ</span> 
     </span>
     <span class='ocr_line' id='line_1_47' title="bbox 486 4521 3066 4591; baseline -0 -17"><span class='ocrx_word' id='word_1_497' title='bbox 486 4521 702 4589; x_wconf 84' lang='grc' dir='ltr'>Κρήτης</span> <span class='ocrx_word' id='word_1_498' title='bbox 738 4524 902 4576; x_wconf 82' lang='grc' dir='ltr'>πόλις</span> <span class='ocrx_word' id='word_1_499' title='bbox 947 4526 1003 4575; x_wconf 86' lang='lat' dir='ltr'><strong>in</strong></span> <span class='ocrx_word' id='word_1_500' title='bbox 1040 4526 1238 4591; x_wconf 83' lang='lat' dir='ltr'><strong>quibus</strong></span> <span class='ocrx_word' id='word_1_501' title='bbox 1283 4526 1427 4589; x_wconf 87' lang='lat' dir='ltr'><strong>quod</strong></span> <span class='ocrx_word' id='word_1_502' title='bbox 1473 4525 1541 4573; x_wconf 84' lang='lat' dir='ltr'><strong>de</strong></span> <span class='ocrx_word' id='word_1_503' title='bbox 1580 4521 1744 4575; x_wconf 84' lang='grc' dir='ltr'>Βοιόν</span> <span class='ocrx_word' id='word_1_504' title='bbox 1790 4523 2047 4585; x_wconf 78' lang='lat' dir='ltr'><strong>traditur,</strong></span> <span class='ocrx_word' id='word_1_505' title='bbox 2087 4524 2287 4573; x_wconf 78' lang='lat' dir='ltr'><strong>falsum</strong></span> <span class='ocrx_word' id='word_1_506' title='bbox 2325 4540 2476 4588; x_wconf 82' lang='lat' dir='ltr'><strong>esse,</strong></span> <span class='ocrx_word' id='word_1_507' title='bbox 2514 4524 2609 4574; x_wconf 77' lang='lat' dir='ltr'><strong>sed</strong></span> <span class='ocrx_word' id='word_1_508' title='bbox 2647 4522 2799 4574; x_wconf 86' lang='grc' dir='ltr'>Βοιαί</span> <span class='ocrx_word' id='word_1_509' title='bbox 2837 4523 3066 4575; x_wconf 82' lang='lat' dir='ltr'><strong>eandem</strong></span> 
     </span>
     <span class='ocr_line' id='line_1_48' title="bbox 484 4590 3068 4657; baseline 0.001 -18"><span class='ocrx_word' id='word_1_510' title='bbox 484 4597 647 4656; x_wconf 85' lang='lat' dir='ltr'><strong>atque</strong></span> <span class='ocrx_word' id='word_1_511' title='bbox 687 4590 854 4657; x_wconf 85' lang='grc' dir='ltr'>Βοίβη</span> <span class='ocrx_word' id='word_1_512' title='bbox 892 4594 1081 4643; x_wconf 87' lang='lat' dir='ltr'><strong>urbem</strong></span> <span class='ocrx_word' id='word_1_513' title='bbox 1119 4593 1392 4643; x_wconf 79' lang='lat' dir='ltr'><strong>Creticam</strong></span> <span class='ocrx_word' id='word_1_514' title='bbox 1432 4607 1554 4642; x_wconf 82' lang='lat' dir='ltr'><strong>esse</strong></span> <span class='ocrx_word' id='word_1_515' title='bbox 1600 4593 1718 4641; x_wconf 85' lang='lat' dir='ltr'><strong>veri</strong></span> <span class='ocrx_word' id='word_1_516' title='bbox 1764 4606 1870 4640; x_wconf 88' lang='lat' dir='ltr'>non</span> <span class='ocrx_word' id='word_1_517' title='bbox 1918 4591 2167 4643; x_wconf 78' lang='lat' dir='ltr'><strong>absimile</strong></span> <span class='ocrx_word' id='word_1_518' title='bbox 2215 4590 2352 4640; x_wconf 84' lang='lat' dir='ltr'><strong>dicit</strong></span> <span class='ocrx_word' id='word_1_519' title='bbox 2387 4590 2630 4641; x_wconf 84' lang='lat' dir='ltr'><strong>Meinek.</strong></span> <span class='ocrx_word' id='word_1_520' title='bbox 2665 4619 2730 4625; x_wconf 87' lang='lat'>—-</span> <span class='ocrx_word' id='word_1_521' title='bbox 2767 4592 2914 4640; x_wconf 83' lang='lat' dir='ltr'><strong>Hinc</strong></span> <span class='ocrx_word' id='word_1_522' title='bbox 2959 4594 3068 4642; x_wconf 82' lang='lat' dir='ltr'><strong>sin-</strong></span> 
     </span>
    </p>
   </div>
   <div class='ocr_carea' id='block_1_5' title="bbox 486 4655 3068 4879">
    <p class='ocr_par' dir='ltr' id='par_1_9' title="bbox 486 4655 3068 4879">
     <span class='ocr_line' id='line_1_49' title="bbox 486 4655 3066 4725; baseline 0.002 -18"><span class='ocrx_word' id='word_1_523' title='bbox 486 4659 672 4721; x_wconf 82' lang='lat' dir='ltr'><strong>gulare</strong></span> <span class='ocrx_word' id='word_1_524' title='bbox 712 4657 845 4724; x_wconf 86' lang='grc' dir='ltr'>Βοίη</span> <span class='ocrx_word' id='word_1_525' title='bbox 884 4662 1219 4725; x_wconf 72' lang='lat' dir='ltr'><strong>berytonon,</strong></span> <span class='ocrx_word' id='word_1_526' title='bbox 1259 4662 1355 4709; x_wconf 76' lang='lat' dir='ltr'><strong>sed</strong></span> <span class='ocrx_word' id='word_1_527' title='bbox 1394 4659 1603 4723; x_wconf 80' lang='lat' dir='ltr'><strong>plurale</strong></span> <span class='ocrx_word' id='word_1_528' title='bbox 1643 4655 1796 4707; x_wconf 86' lang='grc' dir='ltr'>Βοιαί</span> <span class='ocrx_word' id='word_1_529' title='bbox 1835 4666 2110 4722; x_wconf 84' lang='lat' dir='ltr'><strong>oxytonon</strong></span> <span class='ocrx_word' id='word_1_530' title='bbox 2147 4674 2270 4709; x_wconf 80' lang='lat' dir='ltr'><strong>esse</strong></span> <span class='ocrx_word' id='word_1_531' title='bbox 2308 4659 2585 4709; x_wconf 81' lang='lat' dir='ltr'><strong>coniicias.</strong></span> <span class='ocrx_word' id='word_1_532' title='bbox 2783 4658 2817 4709; x_wconf 88' lang='lat' dir='ltr'>l.</span> <span class='ocrx_word' id='word_1_533' title='bbox 2856 4662 2921 4710; x_wconf 79' lang='lat'>25</span> <span class='ocrx_word' id='word_1_534' title='bbox 2957 4658 3066 4724; x_wconf 76' lang='lat' dir='ltr'>’On</span> 
     </span>
     <span class='ocr_line' id='line_1_50' title="bbox 487 4723 3068 4793; baseline 0.002 -21"><span class='ocrx_word' id='word_1_535' title='bbox 487 4725 673 4776; x_wconf 79' lang='lat' dir='ltr'><strong>addidi</strong></span> <span class='ocrx_word' id='word_1_536' title='bbox 712 4743 780 4775; x_wconf 85' lang='lat' dir='ltr'><strong>ex</strong></span> <span class='ocrx_word' id='word_1_537' title='bbox 817 4729 895 4777; x_wconf 71' lang='lat' dir='ltr'>St.</span> <span class='ocrx_word' id='word_1_538' title='bbox 934 4730 994 4779; x_wconf 85' lang='grc' dir='ltr'>Β.</span> <span class='ocrx_word' id='word_1_539' title='bbox 1033 4734 1089 4777; x_wconf 85' lang='lat' dir='ltr'>et</span> <span class='ocrx_word' id='word_1_540' title='bbox 1124 4728 1369 4789; x_wconf 78' lang='lat' dir='ltr'><strong>Theogn.</strong></span> <span class='ocrx_word' id='word_1_541' title='bbox 1414 4729 1534 4789; x_wconf 88' lang='grc'>108,</span> <span class='ocrx_word' id='word_1_542' title='bbox 1576 4729 1666 4786; x_wconf 86' lang='grc'>11,</span> <span class='ocrx_word' id='word_1_543' title='bbox 1707 4726 1796 4774; x_wconf 85' lang='lat' dir='ltr'><strong>ubi</strong></span> <span class='ocrx_word' id='word_1_544' title='bbox 1837 4723 1937 4789; x_wconf 76' lang='grc' dir='ltr'>Ὀή</span> <span class='ocrx_word' id='word_1_545' title='bbox 1985 4728 2242 4793; x_wconf 79' lang='lat' dir='ltr'><strong>seriptum</strong></span> <span class='ocrx_word' id='word_1_546' title='bbox 2281 4733 2383 4777; x_wconf 85' lang='lat' dir='ltr'><strong>est.</strong></span> <span class='ocrx_word' id='word_1_547' title='bbox 2421 4755 2442 4762; x_wconf 94' lang='lat'><em>-</em></span> <span class='ocrx_word' id='word_1_548' title='bbox 2523 4725 2697 4790; x_wconf 83' lang='grc' dir='ltr'>Οἰνόη</span> <span class='ocrx_word' id='word_1_549' title='bbox 2744 4726 2960 4792; x_wconf 82' lang='lat' dir='ltr'><strong>explevi</strong></span> <span class='ocrx_word' id='word_1_550' title='bbox 2999 4743 3068 4777; x_wconf 82' lang='lat' dir='ltr'><strong>ex</strong></span> 
     </span>
     <span class='ocr_line' id='line_1_51' title="bbox 557 4808 2663 4879; baseline 0 -1"><span class='ocrx_word' id='word_1_551' title='bbox 557 4843 932 4879; x_wconf 63' lang='grc' dir='ltr'>ιιιιιιοοιᾼιινε.</span> <span class='ocrx_word' id='word_1_552' title='bbox 970 4830 1014 4878; x_wconf 93' lang='grc' dir='ltr'>Ι.</span> <span class='ocrx_word' id='word_1_553' title='bbox 2580 4808 2663 4873; x_wconf 71' lang='lat'>20</span> 
     </span>
    </p>
   </div>
  </div>
 </body>
</html>
