3664 5546
959 424 1380 480 ΠΡΟΕΩιΔΙΑ(
1417 424 1555 478 ΤΗ(
1596 424 1780 478 ΚΑΤΑ
1819 422 2173 477 ΕΥΝΤΑΞΙΝ
2213 422 2350 476 ΤΩΝ
2391 422 2675 476 ΛΕΞΕΩΝ.
2980 421 3108 488 555

517 598 622 663 καὶ
664 598 879 676 τρίτου
924 596 1277 675 προςώπου
1321 595 1787 674 μονοςύλλαβοι
1836 593 2016 658 οὖςαι
2063 592 2366 671 οὐδεμίαν
2413 592 2726 670 ςτοιχείου
2771 591 3106 672 ἀποβολὴν

519 704 840 764 ποιοῦςιν·
917 697 1194 776 «ἤκουςά
1240 718 1382 780 ςου,
1444 696 1656 760 ἔδωκά
1702 717 1829 778 ςοι,
1888 695 2140 761 ἐδίδαξά
2183 714 2290 759 ce»
2342 695 2484 758 «καί
2528 694 2590 758 οἱ
2634 694 3105 773 ἐπευχόμενος»

519 803 613 885 (Π
657 800 812 883 829)
858 799 1004 863 «καί
1046 799 1078 863 ἑ
1123 799 1277 865 νέον
1322 798 1623 863 πόλεςιν»
1674 798 1814 861 «καί
1859 818 1963 874 μιν
2008 797 2349 876 φωνήςας»
2397 794 2491 879 (Π
2533 794 2620 876 6).

688 901 762 966 Αἱ
806 902 922 981 μὲν
968 900 1089 964 οὖν
1139 898 1239 964 ἀεὶ
1293 900 1645 979 ἐγείρουςαι
1700 902 1817 979 τὴν
1863 900 1992 976 πρὸ
2036 892 2250 962 αὑτῶν
2297 896 2514 963 ὀξεῑάν
2559 897 2710 961 εἰςιν
2764 896 2935 980 αἷδε,
2990 903 3108 976 μεῦ

520 1008 675 1085 μοῦ,
722 1003 826 1082 μοί
869 1003 999 1083 τοί,
1047 1003 1121 1081 μέ
1166 1001 1304 1083 μίν,
1361 1001 1508 1080 ςφίν
1564 1002 1682 1081 ςφέ
1728 1001 1921 1080 ςφωέ.
2008 999 2260 1064 τούτων
2304 998 2781 1087 παραδείγματα
2834 1002 2946 1077 τῆς
2991 1001 3106 1078 μὲν

521 1108 639 1184 μεῦ
696 1102 915 1169 «κλῦθί
972 1124 1086 1182 μευ
1151 1102 1582 1182 ἀργυροτόξε»
1649 1101 1729 1182 (Α
1771 1100 1914 1183 37),
1981 1099 2086 1178 μοί
2154 1099 2275 1165 «οὐ
2329 1100 2453 1177 γάρ
2508 1100 2616 1178 μοί
2679 1120 2837 1165 ποτε
2899 1102 3109 1180 βωμός

519 1206 613 1286 (Δ
643 1204 757 1286 48,
805 1204 858 1268 Ω
887 1202 1030 1287 69),
1074 1205 1173 1269 τοί
1219 1202 1361 1268 «καί
1403 1225 1502 1267 τοι
1549 1202 1678 1278 ἐγὼ
1725 1203 2088 1280 ςυνέριθος»
2136 1203 2196 1282 (ζ
2239 1200 2371 1283 32),
2418 1221 2492 1279 με
2539 1201 2679 1265 «καί
2722 1222 2798 1280 με
2843 1201 3109 1289 φίληςεν

524 1307 615 1371 ὡς
660 1306 788 1371 εἴτε
817 1292 1024 1385 πάτήρ
1055 1306 1121 1386 (ρ
1158 1305 1335 1388 111),
1380 1305 1483 1384 μίν
1516 1305 1655 1369 «καί
1685 1290 1789 1384 μιν
1821 1305 2124 1383 φωνήςας
2154 1302 2316 1367 ἔπεα
2355 1303 2708 1380 πτερόεντα
2735 1303 3107 1383 προςηύδα»

522 1407 615 1488 (Π
657 1392 757 1490 6),
814 1408 961 1487 ςφίν
1018 1406 1159 1471 «καί
1213 1427 1362 1487 ςφιν
1419 1406 1536 1485 ἅμ’
1587 1406 1714 1471 ἐςτί
1773 1406 2051 1471 Μέδων»
2111 1404 2203 1485 (Π
2245 1402 2429 1487 252),
2493 1425 2613 1484 ςφε
2670 1407 3107 1481 «γιγνώςκωψ

522 1509 626 1572 καὶ
667 1508 791 1587 γάρ
838 1529 957 1588 ςφε
1002 1509 1248 1586 πάρος»
1294 1508 1373 1590 (Λ
1423 1507 1587 1587 111).

697 1609 772 1675 Αἱ
825 1611 897 1674 δὲ
951 1611 1110 1674 ποτε
1167 1611 1281 1688 μὲν
1335 1608 1685 1687 ἐγείρουςαι
1730 1611 1846 1687 τὴν
1892 1608 2020 1686 πρὸ
2066 1607 2279 1672 αὐτῶν
2325 1608 2484 1671 ποτὲ
2542 1610 2613 1672 δὲ
2669 1609 2784 1689 μή,
2841 1612 2947 1673 ςεῦ
3005 1609 3111 1672 ςέο

527 1715 640 1775 ςοῦ
687 1711 782 1783 coi
828 1711 923 1793 ςέ,
968 1709 1042 1774 εὗ
1087 1710 1151 1775 οἶ
1196 1711 1370 1793 ἕθεν,
1418 1711 1527 1790 ςφί
1572 1711 1745 1792 ςφώ,
1791 1710 1956 1789 ςφίςι
2003 1710 2215 1789 ςφέας.
2304 1708 2413 1773 ὅτε
2457 1711 2573 1788 μὲν
2619 1708 2740 1774 οὖν
2792 1707 3110 1773 ἀπολελυ-

525 1812 734 1891 μένως
800 1812 1094 1887 λέγονται
1160 1814 1262 1876 καὶ
1325 1812 1470 1890 οὐχὶ
1533 1812 1697 1889 πρὸς
1769 1811 1992 1889 ἕτερον
2057 1812 2408 1889 πρόςωπον
2475 1810 3113 1892 ἀντιδιαςτέλλονται,

528 1916 837 1994 ἐγείρουςι
882 1917 997 1994 τὴν
1042 1916 1171 1994 πρὸ
1217 1915 1431 1980 αὐτῶν
1476 1912 1717 1979 ὀξεῖαν·
1763 1913 1874 1977 ὅτε
1920 1914 1991 1976 δὲ
2037 1911 2196 1977 κατὰ
2238 1913 2354 1990 τὴν
2398 1912 2560 1990 πρός
2602 1934 2662 1977 τι
2706 1911 2931 1991 ἕτερον
2979 1917 3112 1975 δια-

450 2097 457 2101 ,
527 2018 763 2096 ςτολὴν
803 2017 1215 2099 ἐκφέρονται,
1261 2017 1792 2095 ὀρθοτονοῦνται·
1839 2014 1985 2079 οἷον
2030 2014 2558 2096 ἀπολελυμένως,
2604 2018 2709 2078 ςεῦ
2757 2013 2967 2078 «ἀλλά
3004 2034 3111 2079 ceu

527 2118 929 2199 ἀκάματος»,
976 2118 1548 2198 ὀρθοτονουμένως
1595 2121 1746 2183 «ςεῦ
1791 2116 1859 2179 δ’
1904 2116 2041 2180 ἐπεὶ
2068 2116 2318 2181 ἐξέλετο
2351 2114 2606 2193 ψυχήν»
2633 2108 2735 2196 ”(Ω
2767 2113 2939 2198 754),
2984 2115 3112 2195 ςέο,

527 2220 1030 2298 ἀπολελυμένως
1076 2221 1206 2284 «ὥς
1250 2240 1356 2284 ςεο
1403 2222 1523 2284 νῦν
1568 2219 1834 2297 ἔραμαι»
1892 2218 1963 2296 (Γ
2004 2215 2180 2298 446),
2226 2214 2801 2294 ὀρθοτονουμένως
2856 2217 2927 2279 δὲ
2978 2216 3113 2280 «ὡς

528 2323 636 2387 ςέο
681 2324 798 2386 νῦν
844 2321 1113 2400 ἔραμαι»
1174 2319 1259 2401 (Ξ
1304 2320 1492 2401 328),
1540 2320 1604 2383 ςέ
1659 2316 2159 2395 ἀπολελυμένως
2216 2317 2392 2380 «ἐπεί
2451 2337 2516 2381 ςε
2570 2321 2832 2394 πρῶτον
2877 2317 3111 2394 ἔθηκα»

526 2423 614 2505 (Ζ
657 2422 845 2504 355),
899 2421 1472 2499 ὀρθοτονουμένως
1516 2422 1587 2484 δὲ
1634 2421 1756 2498 «μὴ
1804 2418 1941 2494 ςέγ’
1987 2418 2056 2482 ἐν
2102 2417 2405 2501 ἀμφιάλῳ
2451 2417 2690 2501 Ἰθάκῃ»
2740 2418 2811 2498 (α
2853 2417 3025 2501 386).

532 2594 663 2601 —0
700 2594 709 2599 -.
764 2594 791 2597 --
810 2593 934 2598 ————

666 2708 701 2757 1.
722 2711 891 2759 4—19
918 2708 1094 2758 Bekk.
1128 2710 1271 2758 1145.
1341 2709 1376 2757 l.
1399 2711 1428 2758 7
1451 2709 1602 2759 loeus
1626 2709 1781 2759 Hom.
1810 2724 1843 2773 p
1873 2710 1964 2758 111
1993 2710 2074 2759 sic
2099 2708 2330 2772 legitur:
2357 2705 2635 2758 ἐνδυκέως
2663 2705 2860 2772 ἐφίλει,
2894 2706 3024 2759 ὡςεί
3049 2722 3112 2758 τε

532 2778 720 2841 πατὴρ
747 2776 844 2827 ἑὸν
869 2772 1022 2840 υἱόν,
1049 2792 1206 2841 quem
1232 2777 1583 2826 Herodianus
1609 2794 1675 2826 ex
1698 2779 1960 2828 momoria
1987 2778 2273 2842 proferens
2297 2776 2624 2826 immutavit.
2705 2776 2741 2827 l.
2771 2778 2832 2825 17
2858 2793 2938 2834 eo,
2968 2777 3114 2841 quod

529 2848 615 2896 bis
652 2845 845 2896 eadem
878 2846 1047 2894 verba
1064 2874 1090 2906 ,·
1116 2844 1215 2894 sed
1239 2843 1331 2895 ςέο
1360 2846 1678 2910 pronomine
1717 2845 1936 2894 diverso
1963 2849 2200 2895 accentu
2223 2844 2584 2909 pronunciato
2611 2845 2896 2908 proposita
2933 2851 3112 2906 erant,

529 2913 839 2977 corruptela
863 2917 985 2963 orta
1012 2917 1122 2974 est3
1149 2911 1357 2963 additis
1381 2911 1883 2976 ὀρθοτονουμένως
1907 2912 1968 2963 δέ
1994 2920 2049 2963 et.
2075 2913 2333 2977 repetitis
2358 2910 2436 2961 ὡς
2462 2909 2554 2962 ςέο
2579 2913 2684 2960 νΟν
2709 2910 2906 2973 ἔραμαι
2933 2912 3115 2961 locum

532 2981 754 3040 sanav13
784 2980 952 3030 otiam
979 2979 1084 3031 duo
1110 2982 1400 3043 sequentia
1418 2982 1639 3030 Homeri
1665 2979 1915 3045 exempla
1941 2971 1996 3035 in
2024 2979 2142 3030 cod.
2166 2985 2422 3044 corrupta
2448 2983 2595 3040 sunt,
2624 2994 2719 3042 pro
2745 2977 2868 3029 ἐπεί
2892 2980 3033 3028 enim
3058 2980 3114 3028 in

530 3051 710 3113 priore
736 3047 859 3098 loco
883 3043 975 3097 καί
999 3051 1055 3098 et
1078 3048 1135 3097 in
1160 3046 1334 3097 altero
1358 3045 1498 3110 μήτε
1525 3045 1617 3098 ςέο
1637 3064 1734 3111 pro
1755 3047 1830 3110 μή
1856 3046 1969 3109 ςέγ’
1986 3049 2250 3112 scriptum
2269 3053 2356 3096 ost
2381 3061 2557 3111 aeque
2577 3050 2638 3095 at
2678 3061 2743 3096 ue
2767 3046 2801 3099 l.
2824 3049 2857 3097 9
2875 3045 3114 3108 γίνωςκε

528 3115 635 3181 γάρ
661 3129 764 3178 ςφε
791 3114 969 3178 πάρος
993 3132 1091 3180 pro
1113 3112 1467 3175 γιγνώςκων·
1495 3115 1585 3164 καὶ
1610 3113 1715 3178 γάρ
1740 3129 1845 3177 ςφε
1872 3112 2063 3178 πάρος.
2089 3142 2154 3149 —-
2179 3116 2263 3166 De
2290 3111 2421 3178 ςφίν
2443 3114 2507 3166 ΙΙ.
2528 3114 2617 3166 Pr.
2705 3115 2829 3164 5⁷4:
2857 3116 2962 3164 τοῦ
2990 3110 3114 3164 ἐπεί

528 3184 638 3247 τὴν
660 3180 994 3234 τελευταίαν
1018 3180 1416 3244 ὀξυτονητέον·
1442 3180 1721 3246 ἐγκλιτικὴ
1748 3182 1854 3245 γὰρ
1878 3180 1913 3244 ἡ
1941 3180 2086 3245 ςφίν.
2135 3182 2450 3247 Sequuntur
2474 3181 2608 3241 loci,
2635 3181 2691 3229 in
2720 3181 2916 3244 quibus
2941 3183 3116 3232 Hero·

532 3252 729 3301 dianus
765 3251 1087 3315 pronomina
1123 3251 1331 3314 primae
1377 3255 1435 3300 ot
1479 3251 1755 3300 secundae
1803 3265 2070 3315 personae
2115 3255 2214 3299 aut
2259 3250 2517 3298 inclinari
2554 3253 2650 3298 aut
2694 3253 2848 3298 recto
2879 3253 3116 3299 accentu

531 3319 698 3368 scribi
722 3321 967 3367 annotat.
1017 3318 1101 3368 Do
1166 3318 1301 3367 rima
1325 3333 1564 3382 persona
1589 3319 1647 3367 hi
1672 3324 1873 3381 agunt:
1914 3332 2020 3379 μοι
2046 3317 2089 3368 Α
2115 3321 2240 3367 524:
2268 3315 2400 3367 οὐδέ
2424 3315 2480 3366 τί
2504 3314 2597 3366 πώ
2626 3329 2742 3376 um:
2770 3314 2839 3366 τὸ
2864 3319 2968 3366 τῑιῖ
2993 3314 3115 3368 ὀξύ·-

537 3399 692 3435 νεται
727 3383 816 3435 διὰ
840 3384 949 3447 τὴν
986 3383 1079 3447 μοί
1115 3333 1495 3447 ἔντωνυμίαν,
1533 3385 1654 3447 ἥτις
1682 3387 1785 3434 νῦν
1822 3384 2106 3448 ἑγκλιτική
2142 3383 2303 3435 ἐςτιν.
2349 3382 2394 3435 Ο
2426 3385 2545 3433 162:
2584 3380 2633 3434 εἰ
2669 3381 2730 3434 δέ
2756 3397 2872 3445 μοις
2912 3382 3018 3434 τὸν
3052 3382 3114 3434 δέ

530 3451 922 3515 ὀξυτονητέον.
972 3451 1084 3503 ἔςτι
1108 3451 1214 3515 γὰρ
1239 3450 1405 3514 νῦψή
1445 3450 1535 3514 μοί
1561 3450 1842 3516 ἐγκλιτικὴ
1879 3452 1968 3503 καὶ
1993 3451 2293 3503 ἀπόλυτος.
2331 3451 2379 3504 Υ
2404 3453 2520 3505 356.
2558 3448 2601 3499 Λ
2628 3453 2753 3500 719:
2789 3449 3009 3514 ὀφείλει
3044 3450 3115 3501 τὸ

531 3518 586 3570 τί
620 3518 907 3572 ὁξύνεςθαι
944 3518 1032 3571 διὰ
1066 3520 1176 3583 τὴν
1212 3518 1279 3582 μέ
1314 3518 1675 3582 ἀντωνυμίαν
1711 3522 1815 3570 νῦν
1851 3518 2169 3582 ἐγκλιτικὴν
2214 3518 2400 3570 οὖςαν.
2452 3516 2509 3569 Π
2544 3521 2661 3569 207.
2713 3517 2760 3569 Ψ
2797 3522 2879 3573 73.
2935 3518 3115 3569 Sohol.

533 3587 635 3636 Od.
672 3601 704 3636 ο
742 3589 859 3637 311.
930 3586 995 3636 11.
1032 3587 1122 3640 Pr.
1162 3586 1172 3637 Ι
1212 3590 1338 3636 614:
1373 3585 1469 3637 ἵνα
1507 3586 1581 3650 μή
1621 3601 1712 3649 μοι
1748 3586 2026 3651 ἀπέχθηαι
2070 3586 2351 3650 φιλέοντιε
2400 3586 2431 3637 ὁ
2472 3583 2883 3650 Ἀςκαλωνίτης
2929 3585 3114 3647 ἀναγι-

532 3653 733 3705 νώςκει
768 3652 863 3704 ἵνα
900 3654 975 3717 μὴ
1013 3655 1106 3715 μοί
1141 3654 1241 3705 τὰς
1278 3653 1379 3705 δύο
1417 3655 1770 3717 βαρυτόνως,
1810 3651 1934 3705 οἶον
1967 3653 2062 3704 ἵνα
2101 3655 2174 3718 μὴ
2211 3654 2333 3717 ἐμοὶ
2370 3653 2502 3704 κατ’
2537 3652 2715 3717 ὀρθὴν
2749 3651 2920 3705 τάειν.
2992 3667 3115 3715 ςυγ-

532 3722 747 3784 κριτικὴ
793 3719 899 3785 γάρ
945 3720 1082 3784 ἐςτι,
1130 3720 1326 3786 φηςίν,
1366 3720 1444 3772 ὡς
1490 3722 1633 3786 πρὸς
1667 3721 1774 3772 τὸν
1812 3722 2221 3785 Ἀγαμέμνονα·
2259 3722 2349 3773 καὶ
2385 3722 2556 3784 ὑγιῶς
2594 3734 2777 3786 φηςιν.
2848 3719 2882 3783 ἡ
2923 3720 3115 3784 μέντοι

533 3787 830 3853 παράδοςις
876 3787 1201 3850 ἐγκλιτικῶς
1246 3788 1496 3852 ἀνέγνω,
1546 3789 1639 3840 ἐπὶ
1681 3789 1790 3852 τὴν
1838 3789 1911 3854 μή
1957 3789 2145 3843 ὀξεῖαν
2188 3793 2424 3851 τιθεῑςα,
2471 3786 2682 3850 ὁμοίως
2727 3791 2812 3851 τῷ
2858 3787 2978 3853 «μή
3025 3803 3116 3850 μοι

531 3855 694 3907 οἶνον
731 3854 925 3919 ἄειρε»
963 3855 1049 3917 (11.
1073 3855 1121 3907 Z
1146 3859 1295 3919 264),
1330 3860 1416 3922 τῷ
1454 3857 1529 3920 μὴ
1569 3857 1715 3908 εἶναι
1751 3855 1813 3907 ἐν
1851 3861 1921 3922 τῇ
1959 3856 2286 3924 ἀντωνυμίᾳ
2320 3856 2390 3908 τὸ
2425 3860 2485 3919 ἓ,
2525 3856 2648 3907 ἀλλ’
2682 3854 3113 3920 ἀποβεβλῆςθαι·

532 3924 622 3973 καὶ
659 3922 826 3985 ὁμοία
861 3922 1011 3974 ἐςτὶν
1047 3922 1081 3986 ἡ
1123 3923 1309 3988 πλάνη
1345 3927 1429 3988 τῷ
1466 3924 1546 3987 «ἦ
1581 3925 1644 3987 μ’
1679 3923 1901 3990 ἀνάειρε
1939 3925 1973 3987 ἢ
2012 3923 2125 3987 ἐγώ
2170 3938 2275 3976 ce»
2313 3926 2402 3987 (Il.
2439 3924 2486 3976 Ψ
2525 3923 2644 3985 724)
2683 3922 2773 3973 καὶ
2810 3927 2895 3987 τῷ
2931 3922 3116 3986 «τάχα

531 3989 600 4054 δή
641 4005 706 4052 με
743 3988 1109 4054 διαρραίςουςι
1146 3992 1236 4041 καὶ
1273 3990 1450 4041 αὐτόν
1464 4005 1494 4042 >>
1532 3991 1659 4055 (Od.
1698 4006 1734 4042 α
1770 3993 1921 4054 251),
1962 3991 2076 4054 εἴγε
2119 3991 2289 4055 ἐχρῆν
2326 3992 2415 4043 καὶ
2461 3993 2642 4041 ταῦτα
2677 3989 3114 4053 ὀρθοτονεῑςθαι.

531 4057 675 4109 ἀλλὰ
711 4061 796 4122 τῷ
834 4058 908 4122 μὴ
947 4057 1172 4122 ὁρᾶςθαι
1210 4058 1334 4110 κατ’
1367 4058 1545 4124 ἀρχὴν
1580 4058 1649 4110 τὸ
1685 4063 1717 4110 ἒ
1754 4059 1943 4111 οὕτως
1978 4059 2317 4120 ἀνέγνωςαν.
2388 4061 2564 4108 τοῦτο
2600 4056 2706 4120 γὰρ
2743 4055 3116 4108 ἐπακολουθεῖ

530 4129 650 4176 τοῖς
686 4125 1112 4189 πρωτοτύποις·
1151 4125 1323 4190 ἐχρῆν
1357 4126 1418 4177 δέ
1454 4125 1663 4178 αὐτοὺς
1700 4126 2035 4189 ἐπιγνῶναι,
2083 4126 2170 4178 ὅτι
2208 4129 2392 4190 κρᾶςις
2436 4125 2669 4176 δύναται
2706 4123 3116 4176 ἐπακολουθεῖν

532 4192 623 4243 καὶ
656 4192 845 4244 οὕτως
890 4191 1063 4255 ῥῶςαι
1106 4194 1216 4257 τὴν
1259 4193 1386 4257 ὑγιῆ
1434 4193 1764 4257 ἀνάγνωςιν.
1836 4196 1906 4244 of.
1943 4194 2121 4244 Schol.
2157 4194 2229 4244 ad
2265 4194 2368 4243 od.
2405 4209 2447 4244 π
2490 4195 2612 4255 128,
2657 4192 2722 4242 11.
2759 4191 2810 4243 Φ
2849 4195 2990 4261 ¹59³,
3008 4192 3115 4243 τὸν

530 4259 592 4311 δέ
631 4259 698 4321 μέ
733 4274 865 4322 φαςι
899 4258 1206 4322 γείναςθαι;
1247 4261 1279 4312 ὁ
1320 4259 1729 4326 Ἀςκαλωνίτης
1765 4260 1824 4312 ἐκ
1863 4261 2129 4326 πλήρους
2160 4260 2428 4325 λαμβάνει
2472 4260 2580 4324 τὴν
2626 4258 2988 4320 ἀντωνυμίαν
3025 4260 3116 4311 καὶ

531 4327 849 4392 ὀρθοτονεῑ·
898 4325 1002 4378 eici
1050 4326 1240 4389 μέντοι
1284 4325 1337 4378 οἳ
1382 4328 1686 4382 ἀπολύτως
1731 4327 2090 4391 ἀνέγνωςαν·
2136 4329 2332 4391 ὅμοιον
2377 4327 2436 4379 δέ
2473 4326 2585 4379 ἐςτι
2629 4326 2697 4378 τὸ
2734 4325 2795 4377 ἐν
2836 4325 3117 4392 Ὀδυςςείᾳ

534 4397 592 4458 (α
628 4395 750 4458 215)
787 4393 1017 4459 «μήτηρ
1055 4394 1158 4458 μέν
1192 4395 1256 4447 τὲ
1294 4395 1360 4458 μέ
1398 4411 1529 4456 φαςι
1563 4400 1667 4448 τοῦ
1706 4397 1982 4459 ἔμμεναι»
2017 4397 2107 4448 καί
2132 4395 2300 4448 οὐδέν
2337 4394 2450 4447 ἐςτι
2473 4395 2543 4446 τὸ
2570 4389 2795 4446 κωλῦόν
2834 4396 2906 4444 cf.
2935 4394 3112 4449 Schol.

532 4463 605 4514 ad
639 4463 741 4513 Od.
783 4463 820 4512 l.
861 4479 908 4511 c.
957 4461 1000 4512 Η
1038 4464 1161 4514 198;
1219 4461 1343 4526 ἐμέ;
1392 4462 1454 4514 ἐν
1489 4463 1630 4529 ὀρθῇ
1676 4464 1828 4516 τάςει
1875 4463 2298 4526 ἀναγνωςτέον,
2344 4461 2439 4514 ἵνα
2477 4464 2510 4526 ᾖ
2547 4461 2934 4526 ἀντιδιαςτολὴ
2973 4462 3115 4527 πρὸς

534 4529 738 4594 ἄπειρα
782 4527 1036 4592 πολέμου
1084 4527 1211 4580 τινὰ
1257 4529 1548 4594 πρόςωπα.
1621 4532 1799 4585 schol.
1840 4533 1940 4582 Od.
1979 4547 2014 4583 α
2050 4535 2173 4583 212;
2228 4530 2363 4583 οὔτ’
2408 4529 2504 4594 ἐμὲ
2550 4533 2761 4582 κεῖνοςε
2819 4528 3039 4594 πλήρης
3075 4529 3111 4591 ἡ

534 4595 630 4660 ἐμέ
667 4594 1020 4660 ἀντωνυμία·
1072 4597 1215 4662 πρὸς
1250 4597 1356 4662 γὰρ
1401 4597 1826 4662 ἀντιδιαςτολὴν
1873 4599 2267 4664 παρείληπται.
2336 4598 2367 4649 δ
2404 4601 2530 4661 619,
2568 4613 2602 4661 η
2639 4601 2765 4656 223,
2803 4611 2841 4659 μ
2875 4601 2957 4651 33.
3029 4598 3114 4647 De

534 4665 773 4715 secunda
854 4681 1053 4716 emona
1098 4665 1236 4716 haec
1281 4668 1723 4730 praecipiuntur:
1773 4666 1816 4717 Α
1852 4670 1978 4719 396:
2030 4665 2268 4718 πολλάκι
2322 4664 2428 4730 γάρ
2482 4680 2573 4717 ςεο
2618 4663 2833 4727 πατρὸς
2880 4662 2963 4714 ἐνὶ
3023 4677 3113 4725 με·

532 4727 776 4791 γάροιςιν
811 4681 1044 4784 ἕκουςαε
1083 4730 1312 4794 ἐγένετο
1348 4732 1628 4796 ἐγκλιτικὴ
1666 4732 1701 4795 ἡ
1739 4732 2077 4797 ἀνάγνωςις,
2125 4733 2318 4798 ἐπειδή
2367 4747 2473 4796 περ
2520 4731 2673 4795 ἁπλῆ
2712 4731 2825 4783 ἐςτι
2870 4731 2961 4782 καὶ
3008 4731 3114 4782 οὐκ

535 4794 648 4856 ἔχει
682 4796 1117 4863 ἀντιδιαςτολήν.
1170 4800 1203 4851 Γ
1236 4803 1361 4852 446:
1402 4801 1479 4851 ὥς
1516 4815 1633 4852 ςεο;
1672 4800 1998 4863 ἐγκλιτικῶς
2035 4801 2447 4862 ἀναγνωςτέον.
2495 4797 2563 4851 οὐ
2589 4799 2697 4863 γὰρ
2720 4798 3114 4862 ἀντιδιαςτολὴ

540 4861 863 4925 προςώπου·
918 4865 1100 4919 ἐκεῖνο
1146 4867 1207 4920 δέ
1251 4867 1343 4920 ἐπὶ
1388 4871 1491 4919 τοῦ
1529 4868 1666 4920 Διὸς
1710 4867 2155 4934 ὀρθοτονητέονε
2181 4869 2293 4936 ζὼς
2341 4868 2432 4919 ςέο
2482 4870 2586 4917 νῦν
2632 4866 2828 4935 ἔραμαι
2866 4865 2939 4931 (Ξ
2974 4865 3113 4946 β28).

3149 1004 3182 1054 5

3147 1510 3212 1562 10

3149 2021 3213 2073 15
