3664 5546
669 363 793 427 528
1604 363 1688 418 ΕΚ
1724 363 1865 417 ΤΩΝ
1908 354 2318 418 ΗΡΩΔΙᾸΝΟΥ
2763 401 2792 412 -

667 531 738 598 ἐκ
780 533 1126 598 ςυνθέςεως
1169 533 1470 615 ὑπάρχει,
1527 532 1673 599 οἷον
1718 532 2043 616 ἔρυμος,
2100 534 2429 614 ἔλυμος,
2475 532 2832 616 δίδυμος,
2889 531 3172 611 ἔτυμος
3211 532 3246 596 6

667 633 923 711 ἀληθής.
989 634 1065 699 τὸ
1110 635 1182 699 δὲ
1224 635 1628 715 πρόθυμος
1674 636 1881 699 καὶτὸ
1926 633 2384 713 μεγάθυμος
2427 636 2530 698 καὶ
2572 636 2653 698 τὰ
2695 637 2960 698 τοιαῦτα
3003 634 3073 698 ἐκ
3117 654 3248 698 ςυν-

666 735 900 799 θέςεως
944 734 1134 814 ἔςχον
1176 735 1253 800 τὸ
1300 739 1355 800 fi.
1847 808 1854 813 ,

838 865 877 902 ι
921 838 1015 903 Τὰ
1058 837 1147 902 εἰς
1192 840 1307 901 ἧς
1354 838 1639 916 λήγοντα
1668 837 2013 917 διςύλλαβα
2056 837 2197 917 μετ’
2241 837 2592 914 ἐπιπλοκῆς
2635 835 2986 917 ςυμφώνου
3033 835 3088 901 εἰ
3117 837 3248 915 ἔχοι

592 946 627 996 5
671 941 799 1017 πρὸ
842 942 1070 1005 τέλους
1114 938 1187 1003 ἕν
1229 960 1287 1003 τι
1342 943 1474 1003 τῶν
1530 938 1852 1017 διχρόνων
1907 938 2407 1017 ςυνεςταλμένον
2468 936 2628 1002 αὐτὸ
2696 937 2827 1016 ἔχει
2841 986 2860 1020 ,
2927 938 3247 1020 καπνὸς,

667 1043 1051 1124 θαλπνὸς,
1098 1040 1376 1123 ἁγνός,
1420 1038 1693 1122 ἀμνὸς,
1747 1039 2075 1123 γυμνὸς,
2119 1039 2507 1120 πρυμνὸς,
2563 1038 2877 1131 ςυχνός,
2930 1038 3249 1121 πυκνός,

667 1143 1018 1219 ςτυγνὸς.
1090 1143 1166 1206 τὸ
1220 1141 1380 1206 αὐτὸ
1436 1143 1539 1205 καὶ
1592 1141 1698 1204 ἐπὶ
1749 1147 1882 1206 τῶν
1950 1141 2111 1218 ὑπὲρ
2167 1140 2287 1205 δύο
2355 1139 2698 1220 ςυλλαβάς,
2765 1138 3245 1218 ἀλαπαδνὸς,

667 1242 1024 1325 ἀκιδνὸς,
1080 1242 1559 1323 ὀλοφυδνὸς.
1664 1242 1741 1305 τὸ
1797 1241 2014 1321 μέντοι
2062 1239 2455 1322 ςτρυφνός
2503 1239 2565 1306 οἱ
2609 1240 2876 1305 Ἀττικοὶ
2920 1239 3251 1303 ἐκτείνουςι

664 1344 741 1409 τὸ
787 1347 841 1408 ῦ.
887 1344 1060 1419 οὕτω
1103 1345 1226 1422 γὰρ
1270 1344 1643 1423 ἀνέγνωμεν
1688 1343 1849 1421 παρ’
1883 1335 2333 1422 Ἆριςτοφάνει
2377 1342 2448 1407 ἑν
2495 1341 2691 1422 (φηξί
2733 1339 2917 1422 (877)

572 1452 632 1501 ¹0
1181 1445 1426 1510 παῦςὸν
1469 1446 1534 1509 τ’
1580 1444 1782 1510 αὐτοῦ
1825 1447 2021 1507 τοῦτο
2066 1444 2142 1507 τὸ
2190 1444 2332 1508 λίαν
2378 1444 2721 1523 ςτρυφνὸν.

833 1572 871 1608 κ
919 1547 1014 1611 Τὰ
1058 1546 1148 1611 εἰς
1190 1549 1310 1610 νὀῖ
1355 1547 1637 1624 λήγοντα
1681 1545 2027 1624 διςύλλαβα
2071 1543 2350 1611 ὀξύτονα
2393 1545 2867 1624 καθαρεύοντος
2909 1547 3029 1608 τοῦ
3071 1548 3144 1624 V,
3200 1543 3251 1607 εἰ

663 1628 879 1727 ’ἔχοιεν
936 1646 1006 1710 ἑν
1061 1653 1138 1731 τῇ
1200 1648 1330 1726 πρὸ
1384 1648 1613 1711 τέλους
1663 1647 1740 1710 τὸ
1795 1648 1868 1723 ἃ,
1927 1646 2346 1725 ἐκτεταμένον
2403 1644 2564 1710 αὐτὸ
2617 1646 2868 1729 ἔχουςι,
2925 1646 3166 1723 δανὸς
3216 1644 3252 1708 6

667 1750 886 1830 ξηρὸς,
931 1748 1246 1831 τρανός,
1293 1748 1547 1827 μανὸς.
1635 1751 1831 1812 τοῦτο
1877 1749 1950 1812 δὲ
1993 1741 2169 1825 παρὰ
2212 1749 2351 1811 τοῖς
2395 1747 2697 1812 Ἀττικοῖς
2746 1747 3157 1812 ςυςτέλλεται.

832 1869 870 1905 ³⁶
919 1849 1013 1914 Τὰ
1057 1850 1146 1915 εἰς
1191 1853 1307 1915 V&
1353 1851 1639 1927 λήγοντα
1682 1848 1972 1929 ὀνόματα
2022 1847 2404 1928 τριςύλλαβα
2458 1846 2816 1929 ὀξυνὸμενα
2872 1848 2976 1913 καὶ
3019 1847 3257 1926 ἔχοντα

566 1974 630 2025 15
666 1950 743 2015 τὸ
789 1955 830 2015 ἇ
875 1953 1377 2032 ςυνεςταλμένον
1420 1950 1549 2029 πρὸ
1592 1950 1821 2015 τέλους
1866 1952 1949 2029 μὴ
2005 1954 2361 2027 καθαρεῦον
2407 1948 2726 2019 οὐδέποτε
2769 1951 2886 2028 τὴν
2931 1948 3255 2028 ἄρχουςαν

666 2052 797 2132 ἔχει
841 2054 1025 2134 φύςει
1070 2053 1349 2136 μακράν,
1395 2051 1542 2117 οἶον
1586 2050 1836 2134 ἱκανὸς,
1881 2050 2157 2127 καίτοιγε
2200 2051 2276 2116 τὸ
2323 2050 2489 2130 ῥῆμα
2526 2050 2797 2119 ἐξέτεινε
2835 2052 2911 2115 τὸ
2956 2053 3009 2129 ἰ,
3056 2052 3258 2115 πείθω

664 2156 1024 2237 πιθανὸς,
1078 2153 1264 2220 εἴδω
1320 2152 1596 2218 ἰδανός
1642 2152 1791 2218 «ςὰς
1837 2152 2059 2219 ἰδανάς
2103 2152 2403 2232 χάριτας»
2451 2152 2489 2217 6
2537 2153 2966 2235 Καλλίμαχος,
3025 2153 3259 2231 τρώγω

663 2257 1093 2340 τραγανὸς,
1138 2256 1276 2335 ἥδω
1320 2254 1640 2347 ἑδανός,
1686 2253 1826 2331 ἄγω
1872 2253 2201 2337 ἀγανὸς,
2258 2255 2458 2331 ςτέγω
2503 2254 2909 2337 ςτεγανός,
2967 2259 3260 2335 ςφεδα-

663 2357 829 2440 νὸς,
875 2355 1265 2440 ὀρφανός,
1309 2355 1683 2439 πεδανός,
1741 2354 2100 2434 ῥοδανός.
2189 2360 2528 2435 ςημειῶδες
2586 2357 2712 2434 ἄρα
2753 2357 2830 2420 τὸ
2876 2355 3262 2438 οὐρανός,

562 2480 631 2531 20
664 2458 762 2523 ὅτι
806 2459 1041 2537 ἤρξατο
1088 2458 1220 2524 ἀπὸ
1266 2458 1449 2538 φύςει
1507 2460 1761 2536 μακρᾶς.
1850 2457 2142 2522 Ἀλκαῖος
2185 2460 2257 2522 δὲ
2301 2459 2404 2522 καὶ
2457 2457 2546 2522 εἰς
2603 2461 2658 2522 ’ὧ
2704 2456 3139 2538 ἀποφαίνεται
3185 2457 3263 2520 τὸ
3339 2522 3340 2525 ,

665 2556 905 2642 ὄνομα,
967 2559 1218 2638 ὠρανός
1275 2560 1483 2636 λέγων
1537 2558 1697 2622 κατὰ
1751 2560 2001 2637 τροπὴν
2055 2562 2166 2637 τῆς
2221 2562 2302 2623 δῦ
2358 2558 2719 2639 διφθὸγγου
2776 2558 2865 2624 εἰς
2920 2558 2996 2624 τὸ
3054 2563 3113 2622 ὦ
3162 2558 3267 2623 καὶ

664 2658 821 2724 ἄνευ
865 2664 983 2725 τοῦ
1030 2660 1067 2724 ὗ
1112 2660 1433 2742 ὀρανός,
1479 2659 1636 2724 ὥςτε
1681 2659 1756 2725 τὸ
1802 2658 2303 2740 ἐπιζητούμενον
2348 2661 2511 2739 παρ’
2556 2660 2733 2745 αὐτῷ
2780 2661 3092 2727 λελύςθαι.
3161 2661 3267 2725 καὶ

666 2760 940 2843 (απφώ-
1010 2762 1270 2842 «ψαύην
1329 2761 1396 2827 δ’
1452 2761 1531 2826 οὐ
1590 2760 1905 2842 δοκίμωμ’
1948 2761 2170 2844 ὀράνω
2235 2763 2665 2842 δυςαπάχεα».
2751 2764 3117 2843 προςέθηκα
3181 2763 3266 2841 μὴ

664 2867 1054 2947 καθαρεῦον,
1095 2863 1206 2929 ἵνα
1249 2865 1332 2944 μὴ
1379 2863 1767 2944 ἑπιζητῶμεν
1809 2865 1959 2943 περὶ
2000 2869 2118 2929 τοῦ
2167 2864 2479 2930 «εἱανοῦ
2523 2865 2894 2944 ἁπτομένη»
2931 2866 3023 2947 (Π
3052 2865 3129 2946 9)
3160 2865 3267 2929 καὶ

561 2979 628 3030 25
666 2962 949 3030 «ἑανοῦ
993 2966 1421 3044 καςςιτέροιο»
1458 2963 1531 3046 (C
1561 2962 1730 3046 613).

833 3066 927 3130 Τὰ
971 3067 1075 3130 διὰ
1119 3070 1236 3131 τοῦ
1277 3086 1414 3129 ινος
1460 3065 1622 3145 ὑπὲρ
1667 3066 1787 3130 δύο
1836 3067 2150 3148 ςυλλαβὰς
2180 3067 2460 3133 ὀξύτονα
2502 3068 2662 3133 κατὰ
2691 3072 2893 3147 καροῦ
2936 3069 2975 3146 ἢ
3008 3068 3266 3147 χρόνου

662 3168 1288 3247 παραλαμβανόμενα
1343 3167 1655 3232 ςυςτέλλει
1698 3168 1775 3233 τὸ
1819 3170 1872 3250 ἰ,
1927 3168 2290 3251 ἐαρινὸς,
2347 3152 2692 3252 θερινὸς,
2750 3170 3265 3251 νυκτερινός,

664 3267 1156 3350 χειμαρινός,
1213 3268 1569 3351 ἑωθινὸς,
1636 3270 2015 3352 πρωῖνὸς,
2083 3270 2486 3354 ἡμερινὸς,
2555 3270 2976 3350 ὀπωρινὸς.
3079 3272 3268 3349 παρὰ

664 3371 879 3448 μέντοι
924 3374 1016 3453 τῷ
1059 3376 1292 3453 ποιητῇ
1335 3369 1481 3433 κατ’
1525 3369 1772 3434 ἔκταςιν
1824 3368 2341 3451 ἀναγινώςκομεν
2385 3376 2580 3436 τοῦτο
2625 3373 3081 3453 ἐπιζητοῦντος
3140 3377 3268 3437 τοῦ

560 3481 630 3532 30
662 3470 898 3550 μέτρου
944 3470 1078 3534 «ὡς
1129 3471 1196 3533 δ’
1240 3469 1343 3533 ὅτ’
1385 3468 1712 3548 ὀπωρινὸς
1757 3472 2025 3550 βορέης»
2070 3472 2155 3554 (Φ
2185 3471 2339 3554 346)
2385 3475 2487 3537 καὶ
2529 3474 2724 3539 πάλιν
2771 3474 3030 3552 «ἀςτέρ’
3075 3473 3267 3538 ὀπω-

663 3577 820 3656 ρινῷ
864 3570 1261 3647 ἐναλίγκιος»
1308 3571 1382 3652 (Ε
1424 3569 1509 3651 5).

831 3698 867 3732 a*
917 3671 1011 3735 Τὰ
1054 3672 1160 3736 διὰ
1204 3675 1321 3736 τοῦ
1364 3673 1514 3735 W
1570 3672 1701 3737 ἀπὸ
1759 3674 2186 3753 ἐπιρρήματος
2241 3673 2519 3740 ὀξύτονα
2563 3676 2638 3741 τὸ
2691 3679 2713 3741 ῑ
2760 3679 2960 3757 βραχὺ
3008 3678 3264 3761 ἔχουςι,

662 3773 1021 3854 ταχινός,
1064 3772 1475 3854 ἀληθινός,
1519 3776 1885 3855 πυκινὸς,
1930 3774 2222 3840 ἀδινὸς.

828 3900 866 3934 κ·
915 3874 1009 3938 Τὰ
1054 3875 1159 3938 διὰ
1200 3878 1318 3939 τοῦ
1348 3879 1499 3938 ἰ’νόξ
1530 3875 1914 3954 ςημαίνοντα
1943 3877 2275 3954 μετουςίαν
2307 3879 2847 3956 προπαροξύτονα
2876 3880 2952 3943 τὸ
2997 3882 3018 3943 i
3049 3881 3267 3960 βραχὺ

559 3987 625 4039 35
661 3974 907 4058 ἔχουςι,
953 3976 1339 4060 κρίθινος,
1385 3977 1806 4059 δάφνινος,
1851 3978 2224 4059 πύρινος,
2269 3979 2618 4062 ξύλινος,
2665 3981 2980 4044 λίθινος.
3054 3981 3143 4043 τὰ
3194 3983 3268 4044 δὲ

660 4078 742 4156 μὴ
790 4077 998 4141 οὕτως
1040 4077 1277 4156 ἔχοντα
1322 4077 1662 4142 ἐκτείνουςι
1705 4077 1782 4142 τὸ
1826 4081 1877 4160 i,
1922 4078 2282 4161 κάμινος,
2337 4080 2694 4162 κύμινος,
2753 4080 3268 4160 κυκλάμινος.

692 4232 705 4238 0
722 4233 1063 4240 '‘u—*mm

796 4332 831 4383 l.
867 4335 900 4383 4
946 4334 1137 4383 Diehr.
1174 4335 1301 4394 293,
1341 4335 1432 4394 12,
1470 4328 1537 4384 ei
1573 4333 1846 4400 Mon.·41‚
1887 4335 1950 4382 11
2000 4332 2190 4383 addidi
2234 4333 2447 4395 γυμνός
2483 4361 2549 4370 -
2586 4334 2820 4397 ςτυγνὸς
2856 4341 2914 4386 et
2949 4334 3110 4385 οὕτω
3152 4336 3268 4399 γὰρ

661 4396 992 4462 ἀνέγνωμεν
1029 4416 1201 4466 usque
1238 4402 1311 4450 ad
1344 4400 1522 4454 finem.
1664 4400 1699 4453 l.
1730 4402 1788 4449 11
1827 4401 2017 4450 Diohr.
2054 4403 2173 4462 292,
2213 4404 2260 4454 3.
2404 4402 2439 4452 l.
2467 4405 2529 4452 14
2563 4412 2831 4453 nunonem
2865 4405 3154 4467 composui
3195 4419 3266 4452 ex

660 4470 724 4521 11.
762 4471 852 4518 Pr.
890 4467 938 4520 Ξ
975 4471 1071 4519 172
1111 4475 1167 4518 et
1204 4470 1351 4522 Mon.
1390 4470 1439 4532 7,
1479 4470 1559 4521 18.
1765 4467 1802 4520 1.
1841 4471 1906 4519 26
1955 4484 2050 4532 pro
2087 4469 2314 4518 Arcadii
2349 4485 2559 4520 canone
2596 4487 2651 4534 p.
2689 4473 2804 4533 195,
2843 4474 2876 4522 9
2911 4469 2982 4520 τὰ
3018 4469 3111 4521 διὰ
3152 4473 3267 4521 τοῦ

661 4549 778 4586 ινος
813 4534 959 4598 ὑπὲρ
993 4534 1095 4587 δύο
1131 4535 1405 4599 ςυλλαβάς
1441 4535 1683 4587 ὁξύτονα
1720 4534 1871 4599 παρὰ
1908 4537 2100 4599 καιροῦ
2133 4532 2504 4601 ’ςυντιθέμενα
2541 4537 2667 4601 (ser.
2695 4537 2838 4589 κατὰ
2875 4539 3067 4602 καιροῦ
3108 4538 3269 4589 τιθέ·

663 4601 828 4667 μενα)
866 4601 1147 4654 ςυςτέλλει
1189 4603 1260 4654 τὸ
1295 4602 1344 4668 ῑ,
1395 4601 1614 4668 ἐαρινὸς
1659 4601 2012 4666 νυκτερινὸς,
2061 4602 2294 4667 θερινός.
2372 4603 2426 4656 oi
2471 4603 2533 4655 δὲ
2568 4605 2796 4669 ποιηταί
2843 4603 3120 4656 πολλάκις
3173 4604 3268 4657 ἐκ·

660 4669 902 4722 τείνουςι
940 4673 1097 4735 posui
1134 4679 1483 4737 praeceptum
1520 4671 1707 4723 Diehr.
1745 4673 1870 4730 293,
1906 4673 1974 4720 24
2019 4683 2152 4720 voce
2199 4671 2416 4735 θερινός
2452 4689 2520 4722 ex
2556 4673 2792 4723 Arcadio
2829 4673 3039 4723 addita.

662 4737 698 4789 1.
735 4741 802 4788 32
846 4739 989 4788 hunc
1036 4754 1298 4790 canonem
1341 4740 1622 4804 composui
1664 4753 1732 4788 ex
1780 4737 1977 4789 Choer.
2014 4738 2171 4789 Orth.
2208 4742 2332 4802 179,
2370 4743 2461 4800 83,
2508 4739 2755 4805 Theogn.
2790 4741 2883 4804 67,
2931 4743 2997 4790 29
3039 4740 3271 4792 collato

662 4804 895 4854 Arcadio
931 4807 1014 4869 65,
1056 4809 1134 4856 12.
1272 4806 1310 4857 1.
1346 4809 1412 4857 34
1449 4821 1715 4857 canonem
1750 4807 2014 4858 constitui
2051 4821 2118 4855 ex
2155 4807 2301 4856 Mon.
2339 4810 2419 4868 20,
2459 4810 2491 4856 9
2528 4813 2585 4856 et
2620 4808 2865 4873 Theogn.
2901 4809 2987 4872 67,
3027 4811 3115 4860 15.
3328 4816 3342 4821 “
