3664 5546
672 277 753 340 78
1604 276 1686 330 ΕΚ
1722 276 1865 329 ΤΩΝ
1907 275 2314 329 ΗΡΩΔΙΑΝΟΥ

669 448 797 528 ἀφ’
840 445 920 512 οὗ
962 447 1001 525 ἡ
1047 446 1425 525 Βερεκυντία
1467 446 1661 525 χώρα.
1752 447 2129 526 Βιςάλτης
2174 446 2213 511 6
2257 444 2477 510 Ἠλίου
2520 446 2623 509 καὶ
2671 446 2815 525 Γῆς,
2861 443 2985 523 ἀφ’
3029 441 3108 509 οὗ
3148 444 3260 508 Βι-

671 551 887 615 ςαλτία
940 549 1127 614 πόλις
1183 550 1285 613 καὶ
1337 549 1518 627 χώρα
1573 548 1990 614 Μακεδονίας.
2079 549 2181 613 καὶ
2232 548 2309 611 τὸ
2364 547 2618 612 ἐθνικὸν
2674 547 3073 627 ὁμοφώνως·
3121 545 3260 610 ἔςτι

669 654 771 716 καὶ
815 652 1117 730 Βιςάλτης
1158 650 1464 730 ποταμός.
1513 650 1894 729 Ἰαξάρτης
1938 651 2229 729 ποταμὸς
2273 649 2312 714 6
2357 650 2608 715 Τάναϊς.
2653 651 2730 715 τὸ
2776 651 2847 713 δὲ
2892 649 3261 729 ἑκοντής,

669 754 1092 832 ἐθελοντής
1154 753 1468 832 μετοχικά.
1576 754 1751 831 παρὰ
1823 754 1896 818 δὲ
1962 753 2263 818 Ἀττικοῖς
2330 752 2619 818 ὀξύνεται
2686 753 2763 816 τό
2829 751 3172 830 καθαρτή
3192 771 3263 830 ς,

607 856 1014 936 5ἀμυντής
1059 857 1163 920 ἐπὶ
1214 860 1333 919 τοῦ
1380 858 1651 937 βοηθοῦ,
1707 856 2227 937 φαιδρυντής,
2281 855 2726 937 ποικιλτής,
2783 853 3263 934 καλλυντής,

669 958 1088 1038 πραϋντήο

843 1085 880 1121 ι
924 1061 1018 1125 Τὰ
1060 1060 1152 1125 εἰς
1194 1064 1345 1138 ἵτῆῖ
1389 1059 1694 1139 ῥηματικὰ
1724 1059 2178 1141 πολυςύλλαβα
2222 1059 2546 1141 ὀξύνεται,
2592 1059 2994 1139 λυριςτής,
3042 1060 3262 1122 λεπι-

671 1164 881 1245 ςτής,
927 1163 1326 1245 ὑβριςτής,
1372 1162 1815 1243 ἐρανιςτής,
1859 1162 2332 1241 Αἰτωλιςτής
2377 1161 2416 1226 6
2461 1161 2813 1228 αἰτωλίζων
2858 1162 2961 1224 καὶ
3003 1160 3083 1224 τὰ
3120 1164 3264 1224 τῶν

669 1266 972 1331 Αἰτωλῶν
1036 1269 1338 1347 φρονῶν,
1400 1264 1836 1343 Ἐορδιςτής
1902 1265 2033 1330 ἀπὸ
2098 1268 2216 1329 τοῦ
2282 1264 2550 1343 ἑορδίζω
2617 1265 2708 1328 ὡς
2764 1262 2971 1328 Λυδός
3026 1261 3268 1326 λυδίζω

572 1374 639 1425 10
670 1367 1076 1447 Λυδιςτής,
1143 1368 1538 1449 δικαςτής,
1603 1367 2008 1449 ἡλιαςτής,
2073 1367 2513 1448 δανειςτής,
2580 1368 3051 1447 παλαιςτής,
3124 1386 3265 1444 χη-

673 1470 971 1550 ρωςτής
1036 1470 1211 1547 παρὰ
1272 1470 1349 1533 τὸ
1412 1470 1744 1547 «χηρώςας
1812 1471 1883 1534 δὲ
1948 1472 2257 1545 γυναῖκα»
2316 1467 2435 1551 (ll.
2487 1470 2533 1533 Ρ
2585 1468 2724 1548 36).
2811 1470 2888 1532 τὸ
2946 1470 3014 1532 δὲ
3080 1469 3264 1546 παρὰ

674 1572 993 1653 (οφοκλεῖ
1045 1573 1116 1635 ἐν
1170 1571 1565 1655 Ἀλεξάνδρῳ
1623 1572 1928 1650 «ςτείχων
1993 1572 2060 1634 δ’
2104 1570 2510 1651 ἀγρώςτην
2567 1570 2813 1650 ὄχλον»
2860 1570 3265 1649 παρώνυμον

675 1677 765 1739 ὼς
809 1677 911 1739 καὶ
954 1676 1029 1738 τὸ
1075 1674 1367 1752 μονώτης
1413 1675 1834 1753 μονώςτης.

842 1777 935 1842 Τά
979 1777 1083 1841 διὰ
1134 1778 1252 1840 τοῦ
1296 1779 1477 1854 {fini
1533 1778 1614 1855 μὴ
1659 1776 1820 1841 ὄντα
1866 1776 2184 1841 ἐπιθετικὰ
2240 1776 2611 1857 βαρύνεται,
2665 1776 3029 1855 Ὀρέςτης
3084 1775 3268 1854 παρὰ

574 1884 637 1937 15
672 1880 747 1942 τὸ
806 1878 995 1961 ὄρος,
1062 1878 1534 1958 Ὀφελέςτης
1587 1880 1762 1957 παρὰ
1816 1881 1892 1943 τό
1948 1879 2227 1961 ὄφελος,
2293 1879 2637 1958 Θυέςτης
2699 1881 2873 1958 παρὰ
2935 1879 3011 1942 τὸ
3080 1877 3265 1959 θύος,

674 1982 1035 2060 Ἀκέςτης.
1080 1979 1420 2058 Διέςτης
1465 2017 1547 2027 —
1576 1979 1941 2045 Παυςανίας
1987 1983 2058 2045 δὲ
2103 1980 2381 2045 Διάςτας
2427 1981 2665 2045 αὐτοὺς
2711 1983 2890 2045 καλεῖ
2931 2016 3018 2026 ——
3049 1980 3265 2045 Μακε-

672 2085 933 2148 δονικὸν
978 2082 1167 2148 ἔθνος
1223 2082 1313 2146 ῶς
1369 2084 1471 2147 καὶ
1515 2082 1871 2163 Ὀρέςτης
1925 2084 2085 2161 παρ’
2130 2082 2430 2167 Ἑκαταίῳ
2487 2084 2775 2167 Εὐρώπῃ.
2865 2082 3266 2160 Πενέςτης

670 2188 772 2250 καὶ
816 2185 1212 2263 Ἐθνέςτης
1254 2220 1338 2231 —-
1393 2185 1524 2250 ἀπὸ
1568 2185 1899 2250 Ἐθνὲςτου
1954 2189 2072 2249 τοῦ
2120 2185 2576 2265 Νεοπτολέμου
2632 2188 2883 2249 παιδῶν
2928 2184 3108 2267 ἑνός,
3166 2184 3267 2248 ὡς

670 2288 920 2352 Ῥιανὸς
975 2286 1031 2350 δ’
1090 2289 1191 2351 καὶ
1246 2288 1296 2351 ε’
1326 2323 1410 2333 ——
1454 2288 1801 2352 Θεςςαλικὰ
1856 2287 2023 2367 ἔθνη.
2115 2291 2215 2354 καὶ
2264 2288 2705 2367 Κυρρὲςτης
2772 2286 2960 2352 ἔθνος
3012 2286 3266 2367 Copiae,

567 2396 638 2447 20
673 2390 762 2454 ὼς
792 2387 1117 2469 Πολύβιος
1162 2389 1459 2473 πέμπτῳ·
1504 2389 1875 2470 Δημήτριος
1920 2395 1991 2454 δὲ
2036 2390 2073 2453 ὁ
2106 2391 2477 2466 Ἀντιγόνου
2522 2391 2598 2454 τὸ
2634 2391 2948 2470 Κυρήςτης
2994 2391 3098 2454 διὰ
3140 2393 3269 2453 τοῦ

672 2513 708 2568 η
754 2494 908 2570 φηςὶ
950 2493 1051 2554 καὶ
1095 2493 1244 2555 καθ’
1287 2492 1511 2571 ὕφεςιν
1564 2496 1683 2556 τοῦ
1737 2492 1886 2556 ἑνὸς
1941 2496 1993 2570 ρ.
2084 2492 2323 2571 ὁμοίως
2378 2494 2450 2557 δὲ
2507 2498 2597 2575 τῷ
2643 2492 2937 2570 Ὀρὲςτης
2995 2491 3265 2572 βαρύνε-

671 2613 768 2656 ται
815 2594 914 2657 καὶ
958 2592 1298 2671 Πιάςτης
1344 2594 1532 2658 ἔθνος
1576 2595 1741 2673 πρὸς
1785 2601 1878 2677 τῷ
1907 2594 2145 2679 Πόντῳ
2191 2596 2291 2660 καὶ
2321 2594 2782 2674 Προνάςτης
2828 2594 3017 2658 ἔθνος
3061 2595 3267 2657 Βοιω-

668 2696 803 2760 τίας
858 2696 1204 2761 «Βοιωτῶν
1261 2698 1331 2761 δέ
1386 2717 1555 2762 τινες
1616 2699 1693 2762 τὸ
1753 2698 1950 2761 πάλαι
2007 2697 2196 2761 ἔθνος
2252 2697 2618 2777 Προνάςται
2673 2697 3068 2762 καλέονται».
3157 2697 3268 2758 καὶ

672 2798 1075 2878 Ἀςβύςτης
1120 2797 1310 2865 ἔθνος
1353 2800 1582 2880 Λιβύης
1629 2800 1736 2865 «οἵ
1778 2821 1846 2864 τε
1878 2800 2202 2879 Τρίτωνος
2248 2801 2363 2880 ἐφ’
2406 2801 2626 2867 ὕδαςιν
2673 2799 3048 2879 Ἀςβύςταο»
3101 2798 3265 2862 Καλ-

671 3073 769 3121 pro
815 3054 1087 3122 Βιβύρτης
1132 3058 1326 3122 scripsi
1371 3061 1593 3107 secutus
1639 3057 1776 3107 Lob.
1824 3056 1994 3108 Proll.
2040 3061 2166 3118 397,
2212 3058 2366 3123 potui
2412 3057 2578 3107 etiam
2626 3053 2928 3121 Βαβύρτης.
3008 3053 3265 3121 Λαέρτης

674 3125 893 3189 explevi
939 3141 1006 3175 ox
1044 3130 1125 3174 st.
1160 3127 1222 3175 Β.
1271 3123 1712 3189 οι·Βερεκύντης
1744 3123 2028 3191 Βιςάλτης
2069 3125 2343 3191 Ἰαξάρτης
2392 3143 2458 3176 ox
2504 3143 2569 3176 eo
2616 3127 2811 3178 adieci.
2886 3125 3036 3175 Idem
3083 3139 3266 3174 canon

670 3193 953 3242 invenitur
988 3194 1153 3241 etiam
1191 3195 1247 3242 in
1286 3193 1375 3242 Cr.
1414 3199 1515 3247 An.
1555 3194 1606 3244 11
1643 3196 1763 3255 419,
1799 3196 1866 3244 29
1903 3200 1960 3242 et
1994 3197 2051 3245 in
2088 3194 2271 3248 Schol.
2311 3193 2377 3244 ad
2417 3194 2667 3259 SophocL
2706 3194 2909 3245 Electr.
2947 3210 2998 3243 v,
3036 3195 3125 3248 70,
3165 3193 3264 3241 ubi

675 3276 771 3325 pro
809 3258 1106 3325 Εὐφράτης
1144 3261 1487 3311 scribendum
1528 3268 1613 3311 est
1649 3259 1987 3327 εὐφράντης.
2179 3262 2213 3312 l.
2251 3266 2280 3315 7
2320 3265 2487 3312 etiam
2525 3263 2614 3311 hic
2650 3279 2827 3314 canon
2865 3268 2951 3310 est
2986 3278 3050 3310 ex
3089 3263 3151 3310 Ε.
3187 3261 3266 3309 Μ.

676 3330 793 3378 loeo
830 3345 901 3386 ς·.,
940 3331 1157 3378 nomina
1203 3328 1460 3393 ὑβριςτής
1497 3328 1785 3394 ἑρανιςτής
1821 3337 2173 3382 accesserunt
2217 3347 2284 3380 ex
2328 3331 2574 3395 Theogn.
2611 3334 2701 3394 43,
2740 3327 2807 3380 28
2851 3335 2913 3378 ut
2957 3331 3124 3379 otiam
3167 3327 3264 3378 δα-

672 3395 891 3461 νειςτὴς
929 3402 986 3446 et
1020 3397 1344 3461 παλαιςτής,
1381 3396 1637 3462 δικαςτὴς
1675 3397 1939 3463 ἡλιαςτής
1976 3396 2320 3464 Αἰτωλιςτής
2349 3397 2657 3464 Ἐορδιςτὴς
2683 3395 2949 3462 Λυδιςτής
2988 3414 3056 3446 ex
3091 3399 3168 3448 St.
3195 3400 3263 3447 B.

811 3466 846 3514 1.
887 3468 947 3514 14
984 3464 1134 3529 παρὰ
1170 3464 1240 3515 τὸ
1278 3465 1409 3528 ὅρος
1447 3466 1635 3515 addidi
1674 3482 1739 3515 ex
1780 3467 2066 3529 Enstath„
2101 3468 2192 3516 ¹eui
2229 3469 2396 3517 etiam
2435 3465 2777 3532 Ὀφελέςτης
2825 3468 3084 3527 debetur,
3121 3468 3267 3516 sient

676 3531 827 3596 παρὰ
861 3530 932 3582 τὸ
968 3531 1101 3583 θύος
1139 3549 1205 3583 ex
1240 3534 1303 3584 E.
1341 3535 1413 3583 M.
1453 3537 1569 3594 509,
1607 3536 1689 3585 27.
1760 3534 1868 3584 Sed
1906 3535 1995 3584 hic.
2031 3536 2289 3596 subiicio,
2328 3551 2468 3600 quae
2505 3536 2761 3586 Eustath.
2798 3537 2923 3596 596,
2961 3535 3028 3583 23
3062 3534 3264 3583 tradit:

671 3603 742 3651 τὸ
784 3599 1045 3666 Ὀρέςτης
1082 3599 1381 3665 βαρύνεται
1428 3600 1622 3652 κανόνι
1666 3601 1913 3669 τοιούτῳ
1962 3602 2104 3654 κατὰ
2148 3602 2285 3654 τοὺς
2333 3602 2620 3654 παλαιούς.
2690 3602 2762 3653 τὰ
2807 3600 2885 3654 εἰς
2933 3617 3063 3665 ςτης
3108 3604 3192 3666 τῷ
3239 3606 3264 3652 ε

673 3667 1115 3733 παραληγόμενα
1151 3667 1267 3720 ἀπὸ
1305 3668 1608 3733 ὀνομάτων
1645 3669 1785 3721 ὄντα
1827 3672 1956 3734 ἤτοι
1993 3671 2311 3736 παρώνυμα
2347 3670 2641 3723 ὀξύνονται
2682 3670 2784 3734 μὲν
2822 3669 3267 3733 ἑπιθετικὼτερα

674 3737 835 3799 ὄντα,
874 3736 1169 3802 βαρύνεται
1205 3736 1267 3788 δὲ
1304 3736 1408 3801 οὐχ
1443 3736 1629 3788 οὕτως
1667 3738 1872 3801 ἔχοντα
1918 3737 2042 3790 οἷον
2079 3738 2250 3803 ἀργός
2286 3737 2582 3804 ἀργεςτής,
2629 3739 2799 3803 κῆδος
2837 3739 3122 3805 κηδεςτής.
3191 3737 3267 3787 τὸ

673 3805 734 3856 δὲ
777 3803 1116 3869 Ὀφελέςτης
1153 3803 1202 3855 εἰ
1236 3805 1328 3856 καὶ
1367 3804 1712 3870 παρώνυμον
1749 3806 1901 3871 παρὰ
1936 3807 2005 3858 τὸ
2043 3807 2279 3871 ὄφελος,
2319 3805 2452 3858 ἀλλ’
2476 3807 2579 3858 οὐκ
2618 3806 2911 3872 ἐπίθετον,
2949 3807 3143 3871 κύριον
3180 3805 3267 3862 δέ,

674 3873 760 3934 διὸ
797 3873 928 3924 οὐδὲ
974 3872 1259 3936 ὀξύνεται,
1307 3871 1449 3925 ἀλλὰ
1495 3874 1792 3937 βαρύνεται
1838 3875 1917 3926 ὼς
1952 3874 2162 3940 κύριον.
2241 3874 2511 3927 ὼςαύτως
2559 3876 2649 3927 καί
2689 3874 2950 3940 Ὀρέςτης
2998 3874 3149 3940 παρὰ
3191 3875 3267 3924 τὸ

675 3941 822 4005 ὀρος.
860 3941 1015 3993 οὕτω
1052 3941 1113 3992 δὲ
1150 3942 1241 3993 καὶ
1279 3943 1430 4006 παρὰ
1465 3941 1534 3993 τὸ
1571 3941 1737 4005 μένος
1775 3941 2066 4010 Μενέςτης
2104 3943 2311 4010 κύριον.
2349 3943 2384 4006 ή
2421 3944 2484 3996 δὲ
2522 3944 2681 4008 κοινὴ
2721 3943 3019 4009 παράοοςις
3058 3944 3266 4006 ἔτρεψε

672 4026 742 4078 τὸ
788 4031 821 4076 τ
868 4025 945 4077 εἰς
988 4030 1023 4078 θ
1060 4025 1405 4092 «Μενέςθην
1452 4026 1748 4092 Ἀγχίαλόν
1799 4043 1908 4080 τε»
1945 4027 2008 4094 (Ε
2043 4029 2195 4094 609),
2237 4027 2590 4095 Ἀρίςταρχος
2638 4027 2934 4093 Μενεςθῆν
2981 4029 3129 4090 λέγει
3185 4026 3267 4078 ὼς

678 4095 986 4159 Ἀπελλῆν,
1034 4097 1234 4161 quibus
1278 4096 1480 4146 similia
1526 4098 1734 4148 habent
1777 4098 1957 4151 Schol.
2007 4100 2149 4149 BLV
2199 4098 2272 4148 ad
2315 4096 2354 4150 Ε
2388 4100 2488 4148 609
2535 4104 2592 4146 et
2628 4098 2822 4148 Choer.
2863 4100 2988 4159 137,
3026 4099 3119 4160 30,
3167 4097 3270 4146 sed

674 4165 939 4214 Lehrsius
974 4168 1136 4215 Arist.
1160 4164 1294 4215 299²
1319 4169 1429 4215 not.
1466 4165 1591 4215 huic
1626 4167 1778 4217 vocis
1815 4164 2107 4231 Μενὲςθης
2142 4184 2175 4217 a
2214 4164 2504 4230 Μενέςτης
2539 4167 2873 4216 derivationi
2911 4165 3069 4215 fidem
3107 4163 3268 4214 doro-

674 4240 786 4294 gat.
824 4232 889 4283 E.
926 4234 1000 4283 M.
1037 4237 1162 4296 509,
1201 4234 1266 4284 57
1304 4231 1374 4283 τὸ
1422 4231 1698 4299 Κηδέςτης
1743 4233 1812 4284 τὸ
1859 4232 2054 4298 κύριον
2099 4234 2279 4297 ὄνομα
2326 4232 2651 4297 βαρύνεται,
2699 4233 2778 4285 ὡς
2825 4232 2960 4284 θύος
2997 4232 3267 4296 Θυέςτης,

674 4302 806 4365 ὄρος
848 4298 1124 4365 Ὀρέςτης.
1194 4300 1263 4351 τὸ
1307 4301 1369 4352 δὲ
1405 4301 1675 4368 κηδεςτής
1721 4302 1981 4355 ὀξύνεται
2029 4302 2108 4353 ὡς
2145 4301 2557 4367 προςηγορικόν
2600 4305 2668 4352 cf.
2709 4301 2886 4352 Lehrs
2921 4304 3090 4351 Arist.
3116 4301 3269 4364 289²,

675 4372 767 4436 qui
821 4371 989 4419 affert
1041 4372 1316 4436 proprium
1363 4369 1656 4436 Τελέςτης.
1703 4399 1769 4407 ——
1818 4370 2081 4436 Ἀκέςτης
2118 4377 2302 4423 exstat
2347 4373 2512 4421 etiam
2558 4387 2645 4436 ap.
2693 4371 2771 4420 St.
2819 4372 2880 4419 B.
2927 4387 2968 4419 s,
3018 4368 3266 4433 Ἀκὲςτη.

674 4443 833 4500 Quae
869 4437 938 4487 (le
975 4439 1221 4503 gentium
1257 4441 1565 4490 nominibus
1606 4443 1641 4493 Ι.
1668 4442 1867 4489 16-24
1903 4441 2159 4505 praebui,
2197 4444 2329 4490 sunt
2365 4456 2431 4488 ex
2470 4438 2548 4490 St.
2576 4441 2640 4493 B.
2667 4441 2784 4500 522,
2809 4441 2867 4499 43
2905 4441 3023 4498 232,
3049 4441 3106 4493 6:
3147 4440 3268 4497 516,

678 4511 757 4568 10;
805 4510 931 4568 261,
969 4509 1029 4568 ὃς
1075 4510 1202 4568 397,
1252 4510 1312 4557 12
1350 4506 1519 4572 (apud
1557 4508 1753 4571 Polyb.
1794 4511 1888 4570 50,
1926 4511 1956 4559 7
2007 4513 2063 4558 et
2098 4512 2190 4568 57,
2225 4512 2260 4557 4
2306 4505 2618 4573 Κυρρηςταί
2674 4509 2936 4571 seriptum
2991 4511 3079 4556 est
3123 4507 3268 4557 siout

674 4574 1000 4641 Λυγκηςτής
1037 4592 1126 4641 ap.
1163 4579 1245 4629 st.
1286 4577 1344 4624 B.
1381 4578 1508 4640 232,
1546 4580 1578 4628 6
1615 4583 1671 4626 et
1704 4578 1830 4632 4⁴20,
1870 4581 1903 4625 ὃ
1939 4582 2209 4640 oxytonos
2255 4580 2311 4623 et
2359 4577 2596 4625 fortasse
2636 4582 2781 4625 recte
2818 4581 3043 4640 propter
3078 4573 3268 4624 chara·

674 4653 880 4694 ctorem
916 4646 1192 4695 nominum
1228 4646 1283 4695 in
1320 4649 1516 4709 ηςτης,
1562 4661 1688 4694 nam
1732 4643 1913 4695 τύπος
1952 4642 2306 4696 Μακεδόνων
2353 4660 2402 4708 p.
2440 4647 2567 4709 232,
2604 4646 2635 4693 0
2681 4659 2786 4694 non
2836 4644 3147 4693 necessario
3195 4641 3268 4691 ad

673 4719 959 4763 accentum
1004 4715 1196 4764 referri
1243 4715 1430 4774 debet,
1487 4714 1585 4765 sod
1631 4717 1817 4780 potest
1862 4713 2030 4763 etiam
2076 4713 2146 4762 ad
2183 4713 2628 4762 terminationem
2675 4717 2890 4764 tantum
2944 4711 3267 4779 pertinere),

675 4797 832 4848 porro
870 4798 919 4846 p,
958 4783 1072 4839 536.
1108 4787 1165 4846 43
1207 4785 1322 4850 130,
1361 4787 1407 4839 5.
