3664 5546
713 344 1027 392 cxxxxw
1781 344 1911 390 PRA
1921 344 2198 392 EFATIO.

880 497 1131 561 Paucos
1178 496 1351 562 locos
1398 496 1743 579 Stephani,
1802 496 1916 561 ubi
1961 495 2380 562 Herodianus
2428 495 2672 561 diserte
2710 507 2980 584 propter
3023 494 3278 580 gentilis

708 599 1168 665 formationem
1221 610 1647 680 memoratur,
1706 598 2068 685 proferam,
2125 610 2198 664 ut
2265 599 2638 680 ostendam,
2706 597 3027 685 quomodo
3085 597 3279 662 Hero-

710 700 889 766 diani
945 712 1368 788 praeceptum
1424 701 1490 765 in
1554 724 1737 765 suum
1805 700 2247 784 commodum,
2318 701 2566 765 scilicet
2630 711 2704 764 ut
2768 723 2900 766 non
2966 710 3139 766 totus
3204 724 3283 770 ex

708 801 1086 868 Herodiano
1131 804 1198 867 in
1241 803 1363 867 hac
1410 804 1678 867 materie
1735 802 2019 889 pendere
2065 803 2400 884 videatur,
2448 802 2910 867 immutaverit.
2999 802 3065 867 S.
3112 805 3283 869 Βοιαί

710 904 1018 989 legimus:
1068 907 1106 970 ὁ
1151 908 1414 986 πολίτης
1462 906 1728 984 Βοιάτης
1774 906 1864 971 ὡς
1914 906 2145 984 Καρύαι
2196 906 2550 988 Καρυάτης,
2595 906 2867 971 Πιτάναι
2906 906 3281 987 Πιτανάτης,

710 1008 998 1087 Θαλάμαι
1058 1009 1451 1089 Θαλαμάτης.
1548 1009 1794 1084 λέγεται
1856 1010 1957 1072 καὶ
2024 1010 2280 1073 Βοιαῑος
2347 1008 2436 1072 ὡς
2498 1008 2798 1088 Ἔφορος.
2895 1006 3284 1085 Ἡρωδιανὸς

709 1113 780 1175 δὲ
827 1111 1072 1189 Βοιίτης
1116 1111 1336 1194 φηςίν,
1381 1110 1528 1175 ἰ’ςως
1571 1110 1745 1188 παρὰ
1788 1112 1863 1174 τὸ
1896 1110 2087 1174 Βοιόν
2137 1111 2226 1175 ὡς
2256 1111 2473 1175 λίκνον
2519 1110 2805 1187 λικνίτης.
2874 1106 3283 1172 Herodianus

709 1211 804 1276 sic
869 1210 1007 1275 fere
1066 1213 1419 1298 scripserat
1470 1249 1554 1258 —-
1614 1213 1847 1290 Καρύαι
1909 1213 2231 1291 Καρυάτης
2283 1249 2366 1258 -
2424 1212 2602 1276 Βοιαί
2658 1211 2942 1288 Βοιάτης.
3041 1212 3284 1288 λέγεται

709 1316 812 1380 καὶ
857 1316 1114 1380 Βοιαῑος
1161 1315 1251 1378 ὡς
1293 1315 1593 1395 Ἔφορος.
1684 1315 1931 1389 λέγεται
1990 1317 2059 1380 δὲ
2115 1316 2216 1378 καὶ
2261 1316 2506 1393 Βοιίτης
2550 1313 2702 1379 ἴςως
2755 1314 2931 1392 παρὰ
2974 1315 3049 1377 τὸ
3097 1314 3285 1379 Βοιόν

631 1431 636 1438 ·
708 1421 836 1482 κτλ.
891 1453 977 1465 —-
1042 1414 1109 1480 S.
1154 1417 1414 1499 Ζέλεια,
1480 1418 1554 1481 τὸ
1612 1416 1863 1481 ἐθνικὸν
1918 1415 2228 1495 Ζελείτης.
2280 1433 2283 1434 ’
2327 1415 2723 1494 Ἡρωδιανὸς
2792 1418 2861 1480 δὲ
2927 1416 3286 1480 Ζελειατῶν

710 1540 933 1599 φηςιν·
980 1519 1105 1584 ἔςτι
1150 1520 1272 1597 γὰρ
1316 1509 1658 1597 Ζελειάτης
1702 1519 1803 1583 καὶ
1857 1518 2168 1597 Ζελείτης.
2229 1515 2669 1583 Herodianus
2730 1526 2797 1580 et
2838 1517 3183 1595 Ζελειάτης
3226 1525 3288 1579 et

709 1620 1005 1700 Ζελείτης
1049 1618 1182 1683 diei
1228 1619 1780 1706 pronunciaverat
1836 1630 1900 1683 et
1960 1616 2045 1684 ad
2101 1618 2653 1705 comprobandam
2705 1619 2982 1683 formam
3025 1620 3284 1684 Ζελειά-

707 1744 818 1801 της
873 1721 1209 1808 scriptoris
1267 1720 1515 1802 locum,
1585 1722 1653 1784 in
1718 1744 1845 1808 quo
1904 1723 2245 1806 genetivus
2307 1723 2668 1788 Ζελειατῶν
2735 1722 3075 1802 exstabat,
3144 1743 3287 1807 pro-

709 1833 1034 1910 posuerat.

876 1924 1019 1990 Iam
1065 1947 1220 1990 vero
1266 1935 1616 2011 praecepta
1660 1926 1740 1990 de
1782 1926 2134 2010 gentilibus
2167 1948 2564 2013 proponam,
2610 1928 2678 1990 in
2723 1925 2957 2012 quibus
3003 1948 3109 2012 ap.
3149 1925 3287 1991 Ste-

707 2027 995 2112 phanum
1060 2027 1424 2092 Herodiani
1485 2051 1720 2092 nomen
1786 2028 2006 2111 abest,
2084 2051 2248 2115 qnae
2312 2039 2527 2093 tamen
2600 2026 2862 2093 aliunde
2927 2026 3290 2093 Herodiani

708 2152 851 2193 esse
897 2129 1332 2195 demonstrari
1375 2141 1620 2216 potest,
1666 2130 1839 2195 unde
1885 2129 1966 2194 de
2011 2130 2154 2195 aliis
2199 2130 2486 2196 iudicare
2529 2129 2703 2196 lieet.

876 2233 1057 2297 Inter
1109 2231 1431 2298 voeabula
1481 2234 1547 2297 in
1606 2255 1757 2312 ατης
1814 2232 2143 2298 Arcadius
2206 2233 2394 2298 affert
2464 2235 2806 2318 Τεγεάτης,
2878 2234 3288 2315 (παρτιάτης,

706 2335 1027 2415 Ἐλεάτης;
1076 2335 1170 2400 St.
1205 2336 1282 2399 B.
1315 2335 1461 2415 610,
1500 2336 1575 2399 15
1620 2337 1934 2415 Τεγεάτης
1982 2337 2071 2401 ὡς
2115 2337 2432 2416 Ἐλεάτης,
2478 2335 2651 2422 quod
2699 2336 3024 2421 posterius
3070 2336 3287 2422 ipsum

706 2436 1029 2523 proferter
1082 2438 1239 2519 263,
1293 2439 1397 2519 113
1461 2438 1853 2519 (παρτιάτης
1908 2462 1970 2524 p.
2017 2438 2176 2519 583,
2230 2438 2326 2503 18.
2414 2438 2517 2502 De
2571 2438 2695 2503 hoo
2746 2439 2815 2501 in
2872 2436 2948 2501 Ε.
2996 2437 3089 2501 Μ.
3139 2437 3285 2518 722,

704 2540 787 2604 28
843 2550 907 2604 et
961 2539 1324 2605 Herodiani
1377 2538 1543 2603 libro
1599 2544 1745 2620 περί
1798 2547 2024 2607 παθῶν
2080 2541 2467 2606 adnotatum
2522 2540 2909 2627 reperimus:
2980 2540 3112 2606 ἀπὸ
3171 2544 3287 2605 τοῦ

707 2642 955 2722 (πάρτη
1013 2643 1357 2722 (παρτίτης
1412 2645 1515 2708 καὶ
1568 2647 1950 2728 πλεοναςμῷ
1994 2649 2109 2709 τοῦ
2163 2649 2203 2708 α
2248 2644 2654 2724 (παρτιάτης.
2741 2642 2968 2723 ὅμοιόν
3015 2643 3137 2708 ἑςτι
3188 2643 3290 2707 καὶ

708 2746 1178 2830 Κροτωνιάτης,
1234 2767 1379 2810 cum
1444 2768 1568 2832 quo
1633 2745 1966 2830 congruit,
2035 2746 2209 2834 quod
2276 2745 2371 2811 St.
2424 2747 2497 2810 B.
2553 2745 2708 2825 480,
2762 2748 2790 2809 1
2852 2768 2903 2810 s.
2955 2746 3287 2824 Νώνακρις

704 2849 934 2914 refert:
999 2850 1074 2914 τὸ
1143 2850 1395 2915 ἐθνικὸν
1456 2850 1861 2928 Νωνακρίτης
1916 2851 2019 2914 καὶ
2073 2838 2454 2933 πλεοναςὶιῷ
2522 2853 2639 2913 τοῦ
2696 2854 2747 2912 α
2802 2849 3286 2927 Νωνακριάτης;

700 2952 858 3032 485,
916 2951 956 3014 9
1012 2952 1176 3017 οἰκία
1232 2954 1332 3017 καὶ
1387 2952 1665 3032 οἰκιάτης
1719 2954 1878 3017 κατὰ
1932 2953 2337 3032 πλεοναςμὸν
2393 2956 2509 3016 τοῦ
2551 2956 2602 3015 ἃ
2658 2951 2789 3016 ἀπὸ
2845 2955 2962 3016 τοῦ
3020 2950 3285 3029 οἰκίτης;

707 3055 1146 3134 Κροτωνιάτης
1190 3052 1284 3117 St.
1330 3053 1406 3116 Β.
1453 3054 1598 3135 387,
1644 3053 1686 3116 4
1730 3052 1951 3118 habet.

872 3156 1163 3222 Gentilia
1205 3158 1273 3220 in
1317 3164 1469 3236 ητης
1514 3155 1599 3220 ab
1646 3155 1932 3221 Arcadio
1978 3156 2436 3243 praetermissa
2478 3167 2658 3237 sunt,
2715 3156 2829 3220 sed
2876 3155 2931 3219 si
2976 3154 3285 3220 Eustath.

700 3258 825 3321 468
870 3268 1036 3322 extr.
1083 3261 1185 3323 καὶ
1214 3259 1496 3339 Ὅμηρος
1539 3259 1655 3323 τὸν
1700 3259 1967 3339 πολίτην
1998 3262 2309 3340 πολιήτην
2340 3260 2557 3343 φηςίν,
2603 3260 2763 3338 ὅπερ
2795 3259 3071 3324 Ἰωνικὸν
3115 3257 3286 3323 εἶναι

702 3364 879 3425 δοκεῖ
923 3362 1081 3425 κατὰ
1124 3363 1198 3427 τὸ
1246 3363 1714 3444 Μαςςαλιήτης,
1771 3363 2315 3445 Ἀπολλωνιήτης,
2371 3362 2674 3444 οἰκιήτης,
2729 3361 2771 3425 ἃ
2825 3364 3060 3426 κεῖνται
3105 3362 3285 3439 παρὰ

701 3469 792 3546 τῷ
840 3463 1214 3548 Ἡρωδιανῷ
1270 3485 1417 3527 eum
1463 3462 1554 3527 St.
1606 3462 1683 3528 B.
1733 3463 1846 3544 43,
1898 3466 1929 3527 1
1992 3486 2329 3550 compares
2384 3465 2458 3528 τὸ
2514 3466 2819 3543 πολιήτης
2872 3465 3283 3543 πλεοναςμὸν

701 3565 830 3644 ἔχει
875 3570 992 3629 τοῦ
1036 3569 1073 3643 ῆ
1122 3567 1213 3631 ὡς
1257 3567 1791 3650 μυθιήτης,“ὅπερ
1839 3568 1957 3632 οὐκ
2002 3568 2284 3651 ἐθνικόν,
2331 3569 2432 3631 καὶ
2475 3568 2550 3631 τὸ
2597 3568 2935 3647 Ἰουλιήτης
2984 3565 3115 3632 ἀπὸ
3161 3570 3283 3631 τοῦ

702 3667 1011 3746 Ἰουλίτης.
1099 3669 1174 3734 τὸ
1229 3670 1300 3733 δὲ
1347 3671 1774 3748 Βαργυλιήτης
1830 3670 1934 3735 καὶ
1990 3670 2427 3749 Μαςςαλιήτης
2481 3670 2851 3752 τέτραπται,
2904 3666 3077 3731 unde
3136 3665 3282 3732 Ste-

699 3767 952 3854 phanus
997 3769 1323 3851 hauserit,
1382 3769 1653 3834 dubium
1709 3793 1852 3834 esse
1895 3794 2028 3836 non
2073 3779 2322 3856 potest3
2378 3770 2531 3835 hine
2575 3769 2655 3835 de
2698 3768 2966 3856 reliquis
3012 3770 3082 3832 in
3124 3774 3284 3848 ῆ-τη-ς

697 3871 1028 3951 Αἰγινήτης
1071 3895 1134 3958 p.
1168 3873 1283 3952 42,
1325 3873 1421 3953 13,
1466 3873 1690 3953 Αἰήτης
1733 3874 1838 3955 36,
1879 3874 1978 3954 16,
2028 3874 2286 3952 (ιδήτης
2328 3874 2472 3954 565,
2512 3873 2609 3954 10,
2653 3874 2986 3954 Δερβήτης
3035 3872 3092 3953 1,
3126 3872 3165 3935 8
3215 3882 3284 3936 et

698 3971 850 4049 225,
896 3973 981 4037 20
1033 3973 1315 4056 iudices,
1377 3976 1621 4060 pariter
1677 3975 1756 4038 de
1815 3976 2186 4040 nominibus
2243 3975 2307 4043 in
2366 3981 2497 4055 ffnfi
2541 3999 2593 4039 s·
2644 3975 3037 4054 Βορυςθὲνης
3098 3983 3164 4037 et
3210 3974 3283 4037 in

700 4097 864 4154 ειτης
909 4099 962 4139 s.
1010 4076 1246 4155 Ὠρεός.

865 4179 924 4242 Ε
970 4177 1315 4264 bisyllabis
1361 4179 1429 4241 in
1473 4186 1602 4245 εῖόῐ
1648 4179 1893 4246 Herod.
1948 4202 2052 4266 ap.
2104 4181 2344 4244 Arcad.
2389 4182 2493 4261 37,
2545 4181 2620 4245 17
2682 4182 2861 4246 Κεῖος
2915 4180 3134 4260 affert,
3196 4179 3280 4243 de

697 4304 823 4367 quo
857 4282 951 4345 St.
977 4280 1050 4347 B.
1076 4280 1221 4362 403,
1245 4282 1287 4345 5
1315 4288 1424 4361 τῆς
1459 4285 1592 4348 Κέω
1621 4287 1696 4349 τὸ
1728 4285 1981 4348 ἐθνικὸν
2018 4284 2196 4349 Κέϊος
2227 4286 2329 4348 καὶ
2358 4284 2596 4348 ἐκτάςει
2633 4284 2816 4360 Κήῑος
2843 4318 2930 4329 -
2957 4284 3059 4348 καὶ
3094 4283 3279 4348 Κεῖος

697 4386 801 4450 διὰ
846 4385 1237 4467 διφθόγγου,
1284 4408 1365 4448 ex
1409 4384 1753 4471 bisyllabis
1799 4385 1869 4448 in
1913 4389 2013 4451 ῑος
2061 4387 2212 4452 Χῖος
2244 4387 2398 4449 Arc.
2435 4385 2538 4466 37,
2585 4384 2663 4447 21
2711 4383 2807 4449 St.
2841 4383 2916 4447 B.
2950 4384 3109 4465 693,
3165 4385 3274 4466 14;

697 4486 894 4552 Φθῖος
921 4486 1075 4549 Arc.
1106 4484 1150 4549 l.
1183 4510 1239 4550 e.
1271 4487 1366 4552 St.
1399 4488 1476 4551 B.
1507 4487 1651 4568 268,
1683 4488 1746 4567 6,
1794 4486 1875 4551 de
1907 4487 2276 4553 nominibus
2311 4489 2377 4551 in
2422 4495 2559 4553 αιός
2592 4488 2744 4551 Arc,
2776 4487 2888 4567 43,
2929 4488 3004 4550 18
3047 4488 3124 4551 τὰ
3171 4488 3278 4551 διὰ

694 4594 810 4655 τοῦ
863 4594 1005 4655 iffi?
1052 4592 1264 4656 ἐθνικά
1311 4592 1641 4670 Ἀθηναῖος
1653 4640 1671 4673 ,
1719 4591 2026 4674 Θηβαῖος,
2072 4591 2384 4670 Ῥωμαῖος
2429 4594 2817 4670 περιςπᾶται.
2877 4590 3275 4670 ςεςημείωται

697 4696 772 4758 τὸ
833 4694 1081 4773 Ἀχαιός
1137 4694 1530 4774 ὀξυνόμενον
1590 4695 1693 4757 καὶ
1747 4693 1822 4757 τὸ
1880 4693 2261 4773 Ἐρυςίχαιος
2317 4693 2965 4775 ποπαροξυνόμενον,
3035 4690 3129 4755 St.
3192 4689 3271 4754 B.

694 4795 806 4877 33,
874 4796 957 4857 20
1023 4795 1275 4882 profert
1332 4797 1694 4879 Ἀθηναῖος,
1767 4794 1919 4873 312,
1978 4796 2016 4857 6
2076 4796 2384 4877 Θηβαῖος,
2451 4794 2606 4875 548,
2672 4796 2735 4856 11
2803 4794 3113 4874 Ῥωμαῖος
3183 4795 3274 4858 ὼς
