3664 5546
667 288 786 353 102
1595 288 1680 343 ΕΚ
1718 288 1858 345 ΤΩΝ
1901 288 2309 343 ΗΡΩΔΙΑΝΟΥ
2334 322 2341 331 -

663 464 812 525 λων.
861 461 1109 536 λέγεται
1153 461 1255 525 καὶ
1299 461 1584 540 Τέντυρα
1628 462 1666 541 ἡ
1710 460 1929 544 πόλις,
1977 460 2067 525 ὡς
2112 460 2527 538 Ἀλέξανδρος
2572 460 2641 525 ἐν
2690 461 2879 544 τρίτῳ
2912 430 3246 537 Ᾱίγυπτια-
3316 522 3329 535 ,

662 568 809 628 κῶν.
898 562 1341 643 Ξενέφυρις
1385 564 1561 643 κώμη
1605 563 1836 643 Λιβύης
1880 563 2148 642 πληςίον
2196 562 2681 640 Ἀλεξανδρείας.

830 682 923 747 Τὰ
969 681 1057 746 εἰς
1107 687 1203 746 ‘cst
1248 681 1380 748 ἀπὸ
1426 684 1777 763 μέλλοντος
1821 684 2130 762 γινόμενα
2173 685 2211 762 ἢ
2244 682 2375 749 ἀπὸ
2407 685 2714 762 δευτέρου
2747 684 3100 763 προςώπσυ
3130 689 3249 749 τοῦ

659 790 1009 865 παθητικοῦ
1063 786 1533 864 παρακειμένου
1591 786 2006 867 βαρύνονται,
2075 785 2318 864 ποιήςω
2376 785 2714 868 ποίηςις,
2782 787 2950 852 λύςω
3009 786 3250 870 λύεις,

599 898 631 947 5
663 889 932 967 κέκριςαι
977 888 1251 970 κρίςις,
1298 888 1570 953 ςτάςις.
1660 889 1785 953 ἔςτι
1830 889 1933 952 καὶ
1981 887 2246 952 (τάςις
2291 888 2477 987 πόλις
2519 889 2810 968 Περςικὴ.
2869 889 2974 953 ἐπὶ
3016 880 3252 975 πέτρηὲ

660 992 954 1069 μεγάλης.
1000 995 1262 1069 τρῆςις
1307 992 1410 1055 καὶ
1453 989 1826 1070 Εὔτρηςις
1871 991 2046 1069 κώμη
2095 990 2413 1054 Βοιωτίας.
2487 990 2773 1069 Ὅμηρος
2820 991 3093 1056 «Κώπας
3137 988 3251 1055 Εὔ-

583 1100 586 1105 ’
660 1093 872 1185 τρηςίν
903 1113 1013 1157 τε»
1047 1090 1155 1175 (Il.
1190 1094 1235 1157 Β
1265 1091 1436 1174 502).
1494 1092 1723 1172 ἐκλήθη
1756 1094 1828 1157 δὲ
1860 1092 2067 1157 οὕτως
2112 1093 2217 1156 διὰ
2260 1094 2335 1158 τὸ
2366 1096 2640 1158 πολλαῖς
2685 1094 2885 1173 αὐτὴν
2931 1094 3282 1190 πρότερον.
3328 1076 3349 1115 ²

661 1196 1001 1273 χρήςαςθαι
1048 1194 1302 1277 ῥύμαις,
1351 1196 1440 1260 ὡς
1485 1196 1968 1276 Ἐπαφρόδιτος.
2043 1193 2326 1260 ἄνυςις.
2385 1195 2512 1260 ἐςτὶ
2556 1196 2658 1260 καὶ
2701 1196 2888 1261 πόλις
2930 1196 3254 1272 Αἰγύπτου
3342 1210 3355 1225 ‘
3456 1236 3465 1245 -

660 1297 978 1361 Ἀνυςις.
1067 1292 1159 1362 Τὰ
1216 1298 1431 1377 μέντοι
1485 1298 1844 1377 παρώνυμα
1898 1296 2179 1381 χαίροὶυςι
2235 1303 2312 1381 τῇ
2370 1295 2572 1381 ὀξείᾳ,
2631 1297 2872 1377 Χρύςης
2945 1298 3254 1376 Χρυςίς,

565 1409 628 1460 10
663 1401 853 1476 νῆςος
898 1399 1127 1477 νηςίς.
1224 1401 1482 1478 Κροῦςις
1528 1399 1565 1464 6
1613 1400 1958 1476 Μυγδόνος
2004 1399 2171 1483 υἱός,
2232 1399 2556 1478 Κρουςίς
2602 1403 2795 1479 μοῖρα
2838 1405 2948 1478 τῆς
2996 1402 3259 1477 Μυγδοξ

664 1501 817 1566 νίας.
908 1500 1204 1582 (τράβών
1251 1502 1502 1586 ἑβδόμῃ.
1551 1505 1830 1580 Βροῡςος
1876 1502 2179 1581 Ἠμαθίου
2224 1505 2374 1566 παῖς
2421 1502 2748 1580 Βρουςίς
2806 1505 2998 1581 μοῖρα
3045 1504 3254 1595 Μαῇε-
3356 1582 3365 1591 ι

665 1603 900 1668 δονίας.
988 1605 1156 1669 τινἐς
1199 1605 1516 1686 γράφουςι
1563 1605 1667 1669 διὰ
1709 1608 1826 1668 τοῦ
1873 1607 1927 1671 ὖ.
2021 1605 2181 1683 Κρής
2236 1605 2338 1668 καὶ
2382 1603 2513 1669 ἀπὸ
2567 1608 2679 1682 τῆς
2728 1605 2964 1683 Κρητός
3007 1596 3265 1684 γενικῆἐ

670 1706 889 1784 Κρῆτις
934 1707 1036 1771 καὶ
1079 1714 1286 1791 τροπῇ
1332 1712 1448 1773 τοῦ
1502 1711 1538 1770 ῖ
1594 1706 1681 1772 εἰς
1737 1710 1771 1770 ἱ
1819 1707 2108 1785 Κρηςίς.
2203 1706 2401 1786 Κόρςη
2456 1708 2665 1784 δούλη
2706 1707 3018 1787 βουκόλος
3066 1708 3256 1786 Κορυ
3314 1712 3335 1739 ⁶

667 1808 778 1872 ςίς
832 1812 1024 1887 νῆςος
1081 1810 1151 1874 ἐν
1208 1814 1299 1893 τῷ
1354 1810 1722 1892 Τυρρηνικῷ
1779 1810 2061 1884 πελάγει.
2149 1807 2408 1887 Πιςίδης
2449 1808 2671 1873 Πιςίς
2725 1809 2912 1873 πόλις
2956 1812 3057 1873 καὶ
3100 1810 3279 1887 ὅρος·

569 1924 630 1974 15
667 1908 990 1989 Ἀρμενίας
1033 1912 1071 1988 ἢ
1121 1910 1478 1989 (ουςιανῆς.
1565 1911 1928 1990 Ἀρκαςίδης
1972 1910 2327 1989 Ἀρκαςίς.
2406 1912 2445 1974 Γ
2459 1910 2777 1990 υμνηςίς
2832 1910 2964 1975 ἀπὸ
3022 1913 3061 1975 Γ
3063 1910 3255 1990 ύμνη-

665 2031 778 2076 τος
821 2016 1071 2091 γενικῆς
1114 2020 1322 2098 τροπῇ
1367 2018 1485 2079 τοῦ
1529 2019 1565 2076 τ
1609 2015 1697 2079 εἰς
1742 2017 1789 2078 Ε.
1884 2014 2281 2091 Μαγνηςίς
2337 2012 2511 2090 παρὰ
2561 2013 2918 2097 Παρθενίῳ.
3008 2014 3256 2093 Ἀμνι-
3356 2091 3366 2101 ,

667 2113 776 2178 ςίς
831 2114 1074 2195 νύμφαι
1132 2116 1501 2199 Ἀμνιςίδες,
1557 2115 2051 2194 Ἀνθεμουςίς
2109 2115 2291 2194 λίμνη
2347 2116 2849 2198 Μαριανδυνῶν,
2904 2117 2982 2194 ἣν
3032 2114 3257 2193 Ἀπολ-

669 2217 904 2282 λώνιος
950 2218 1248 2282 διαλύςας
1305 2219 1373 2283 ἐν
1431 2222 1569 2284 τοῖς
1616 2219 2127 2297 Ἀργοναυτικοῖς
2184 2215 2285 2300 (ΙΙ
2330 2215 2481 2299 726)
2534 2218 2997 2298 Ἀνθεμοειςίδα
3051 2220 3256 2311 φηςίν.

666 2318 1130 2400 Δαφνουςίς
1177 2321 1359 2399 λίμνη
1404 2321 1672 2399 πληςίον
1717 2324 1836 2385 τοῦ
1881 2320 2211 2400 Ὀλύμπου
2256 2324 2373 2384 τοῦ
2419 2322 2725 2403 Βιθυνοῦ,
2775 2321 3259 2402 Μαυροῖιςίς,

462 2466 471 2475 -
565 2435 633 2486 20
672 2422 1098 2505 Μολοςςίς,
1164 2423 1566 2506 Μυγιςςίς,
1645 2422 1938 2488 Ἰλιςςίς
2003 2423 2292 2487 «Μοῦςαι
2368 2422 2741 2505 Ἰλιςςίδες»,
2812 2421 3257 2502 Μυκαληςίς

671 2524 1092 2606 Μυκαληςςίς,
1165 2526 1572 2608 Κανδαςίς,
1643 2524 2030 2607 Ὀδρυςίς,
2104 2524 2716 2606 Ἁλικαρναςςίς,
2780 2524 3256 2607 Παρναςςίς,

669 2625 1128 2709 Τευμηςςίς,
1173 2627 1572 2706 Παρραςίς
1620 2628 1950 2693 «δέξονται
1995 2627 2251 2705 Φολόης
2297 2626 2494 2704 οὔρεα
2536 2626 3000 2705 Παρραςίδος».
3072 2627 3256 2691 Τελ-

671 2728 944 2810 μιςςίς,
1001 2729 1408 2812 Πειραςίς,
1465 2729 1872 2809 Ὑπερηςίς
1930 2729 2090 2808 παρ>
2150 2729 2451 2814 Ἡςιόδῳ,
2518 2728 2987 2809 Ῥαμνουςίς.
3090 2749 3256 2810 ςεςη-

672 2830 926 2911 μείωται
972 2833 1047 2896 τὸ
1093 2831 1257 2897 ἄεις
1302 2832 1340 2896 6
1387 2832 1591 2911 ῥύπος
1621 2832 1752 2899 ἀπὸ
1795 2836 1914 2898 τοῦ
1945 2831 2060 2911 ἄςη
2091 2832 2379 2908 γεγονός.
2443 2833 2520 2897 τὸ
2567 2832 2638 2896 δὲ
2683 2831 2872 2897 Ἀςίς
2917 2833 2955 2912 ἡ
3002 2833 3258 2898 Ἀςιᾶτις

569 2947 635 2997 25
675 2932 981 2999 ὀξύνεται.

842 3079 879 3113 ιι
928 3054 1022 3118 Τὰ
1080 3054 1168 3119 εἰς
1221 3058 1322 3118 HE
1366 3055 1550 3134 κύρια
1596 3056 1961 3137 βαρύνεται,
2021 3055 2337 3132 Κρεῦςις
2381 3054 2568 3119 πόλις
2614 3054 2951 3136 Βοιωτίας,
3010 3033 3256 3134 κειμένή

674 3157 1051 3234 καταντικρὺ
1097 3161 1207 3235 τῆς
1254 3157 1646 3239 Μεγαρίδος,
1696 3158 2051 3238 Κροῦςις,
2086 3158 2300 3222 Τῖςις
2345 3156 2382 3220 6
2426 3157 2668 3234 κτιςτὴς
2713 3158 2814 3220 καὶ
2845 3157 2883 3236 ἡ
2929 3157 3115 3222 πόλις
3159 3158 3256 3223 Αί-

674 3259 958 3340 γύπτου,
1023 3258 1227 3340 Ἶςις,
1294 3258 1534 3324 Φᾶςις
1599 3260 1785 3324 πόλις
1844 3263 1957 3337 τῆς
2012 3257 2164 3322 Αἴας
2230 3259 2393 3336 πρὸς
2446 3264 2538 3342 τῷ
2592 3258 2811 3323 Φάςιδι
2868 3266 3136 3344 ποταμῷ
3190 3260 3257 3323 ἐν

680 3360 962 3438 Κόλχοις.
1052 3361 1291 3441 ἐκτίςθη
1337 3363 1407 3426 δὲ
1454 3363 1580 3427 ὑπὸ
1631 3361 1969 3441 Μιληςίων.
2058 3360 2183 3425 ἔςτι
2230 3361 2332 3424 καὶ
2375 3359 2573 3425 ἄλλος
2617 3361 2904 3437 ποταμὸς
2948 3361 3140 3425 Φᾶςις
3190 3361 3259 3436 ἐν

575 3474 642 3527 30
676 3470 751 3548 τῇ
782 3462 1188 3546 Ταπροβάνῃ.
1233 3464 1512 3529 Αὔαςις
1543 3464 1729 3528 πόλις
1758 3462 2111 3538 Αἰγύπτου·
2142 3463 2378 3540 ταύτην
2426 3464 2497 3526 δὲ
2526 3461 2878 3538 καὶ,Ὄαςιν
2913 3464 3013 3526 καὶ
3038 3463 3258 3527 Ὕαςιν

676 3570 991 3631 καλοῦςιν.
1041 3567 1206 3630 «ἔςτι
1252 3566 1320 3629 δ’
1363 3566 1606 3630 ἐοικυῖα
1649 3565 2009 3648 παρδαλέᾳ·
2066 3563 2466 3629 κατάςτικτος
2506 3564 2631 3642 γάρ
2678 3563 2839 3629 ἐςτιν
2886 3564 2956 3629 ἐν
3002 3564 3258 3646 ἀνύδρῳ

676 3675 757 3752 γῇ
802 3668 903 3732 καὶ
948 3668 1162 3751 ἐρήμῳ
1206 3668 1320 3732 τὰς
1365 3667 1630 3745 οἰκήςεις
1671 3666 1925 3745 ἔχουςα.
1971 3668 2051 3730 τὰ
2095 3671 2356 3731 τοιαῦτα
2400 3667 2653 3730 αὐάςεις
2695 3666 3023 3741 Αἰγύπτιοί
3070 3688 3257 3747 φαςι»

677 3767 943 3852 (Strabo
988 3767 1060 3831 II
1104 3791 1167 3853 p.
1221 3769 1384 3850 130).
1473 3769 1821 3847 Ἡρόδοτος
1868 3771 1939 3833 δὲ
1983 3765 2119 3850 (ΙΙΙ
2164 3766 2276 3848 26)
2331 3770 2434 3832 καὶ
2476 3768 2721 3846 Δοῦρις
2774 3769 3099 3848 Μακάρων
3155 3769 3259 3833 αὐ-

677 3875 794 3952 τὴν
840 3872 1176 3950 ώνόμαςαν
1222 3875 1434 3950 νῆςον.
1528 3872 1865 3936 Κύπαςις
1918 3872 2103 3935 πόλις
2158 3872 2305 3949 περὶ
2356 3869 2843 3949 Ἑλλήςποντον.
2942 3871 3262 3936 Ἑκαταῖος

577 3985 642 4037 35
680 3975 971 4058 Εὐρώπῃ.
1034 3972 1414 4038 Καύκαςις
1460 3975 1534 4037 τὸ
1582 3973 1737 4052 ὄρος
1783 3974 1821 4039 ὃ
1867 3974 1970 4037 καὶ
2017 3972 2337 4038 Καύκαςος
2383 3973 2647 4048 λέγεται.

853 4094 948 4158 Τὰ
993 4092 1081 4157 εἰς
1126 4095 1221 4156 τῖς
1265 4093 1605 4173 διςύλλαβα
1647 4093 1886 4172 ἔχοντα
1930 4094 2003 4157 τὸ
2050 4096 2087 4156 ὅ
2123 4094 2344 4172 μικρὸν
2392 4093 2530 4171 ἤτοι
2576 4092 2777 4171 μόνον
2823 4093 2862 4171 ἢ
2908 4093 3021 4160 ςὺν
3069 4093 3261 4173 ἑτέρῳ

683 4267 826 4275 w*
1033 4265 1083 4272 ——n

816 4402 854 4452 l.
893 4405 925 4452 5
970 4397 1150 4453 ςτάςις
1185 4403 1372 4466 τρῆςις
1416 4399 1600 4453 ἄνυςις
1647 4402 1838 4452 addidi
1883 4406 2106 4472 propter
2151 4402 2363 4451 urbium
2408 4401 2629 4450 nomina
2667 4397 2858 4452 (τάςις
2904 4397 3166 4464 Εὐτρηςις
3209 4402 3263 4446 et

679 4471 904 4524 Ἀνυςις
942 4486 1026 4535 ap.
1063 4471 1144 4522 St.
1183 4473 1245 4521 B.
1396 4470 1429 4519 l.
1473 4473 1534 4520 10
1571 4471 1752 4520 omnia
1788 4471 1917 4521 inde
1955 4487 1988 4519 a
2026 4468 2251 4533 Κροῦςις
2289 4485 2461 4535 usque
2500 4469 2569 4519 ad
2604 4469 2642 4519 l.
2681 4472 2746 4519 23
2784 4465 3107 4529 Ῥαμνουςίς
3145 4472 3263 4516 sunt

686 4557 753 4590 ex
791 4541 873 4593 St.
909 4540 994 4597 Β,,
1031 4537 1099 4588 τὸ
1137 4537 1197 4589 δὲ
1239 4535 1378 4589 'Acie
1415 4554 1480 4588 ex
1519 4539 1723 4592 eodem.
1856 4539 1890 4588 l.
1925 4541 1993 4589 24
2026 4536 2129 4603 ἄςη
2169 4538 2364 4603 scripsi
2400 4553 2494 4603 pro
2533 4535 2681 4602 ἄςης.
2820 4537 2857 4590 l.
2895 4539 2960 4586 2ss
2998 4536 3144 4586 hunc
3178 4549 3261 4583 ea·

687 4624 882 4658 nonem
931 4606 1060 4656 finxi
1111 4612 1333 4658 secutus
1382 4609 1460 4656 st.
1507 4607 1594 4668 Β,,
1642 4606 1788 4672 apud
1836 4624 1997 4672 quem
2044 4623 2093 4671 p.
2143 4609 2267 4668 383,
2315 4609 2345 4657 7
2404 4604 2627 4670 Κρεῡςις
2674 4633 2738 4639 ω
2788 4603 2866 4657 ὡς
2914 4599 3260 4668 Ἡρωδιανός.

686 4678 772 4726 De
808 4676 896 4726 his
933 4676 1244 4726 nominibus
1281 4674 1649 4725 conferendus
1694 4679 1780 4724 est
1816 4675 2062 4726 Lobeck.
2102 4673 2268 4726 Proll.
2305 4677 2404 4724 509
2451 4690 2603 4738 seqq.
2686 4674 2852 4724 Urbis
2888 4671 3037 4724 Τῑςις
3083 4685 3264 4722 accen-

687 4751 822 4805 tum,
861 4749 922 4794 ut
958 4760 1045 4810 ap.
1087 4747 1166 4794 St.
1213 4742 1451 4792 traditus
1498 4748 1609 4804 est,
1657 4746 1902 4802 servavi,
1953 4757 2282 4807 quamquam
2326 4742 2464 4795 Lob.
2504 4739 2651 4794 Τιςίς
2698 4743 2879 4806 potius
2926 4739 3261 4791 scribendum

689 4818 896 4866 censet.
1037 4811 1076 4862 1.
1110 4813 1175 4862 36
1215 4827 1482 4862 canonem
1519 4810 1739 4862 Arcadii
1775 4828 1842 4862 ex
1878 4811 1942 4860 11.
1972 4811 2061 4862 Pr.
2090 4808 2128 4861 Ρ
2168 4811 2235 4860 40
2272 4809 2491 4875 explevi
2527 4812 2628 4872 ita,
2665 4815 2727 4860 ut
2766 4809 2800 4860 l.
2829 4809 3055 4872 36,ἤτοι
3095 4807 3262 4872 μόνον

3298 930 3331 1003 -ἱ
