3664 5546
1218 417 1376 471 ΠΕΡΙ
1417 415 1808 472 ΚΑΘΟΛΙΚΗ(
1847 416 2270 472 ΠΡΟΕΩιΔΙΑ(
2309 419 2387 471 ΙΑ.
2963 419 3085 483 261

496 591 597 655 καὶ
640 590 836 667 θύρα
879 588 1243 654 ἐκτείνοντα
1285 589 1361 654 τὸ
1407 593 1449 653 ᾱ
1493 591 1595 656 καὶ
1624 590 2050 655 ςυςτέλλοντα
2091 590 2168 655 τὸ
2216 590 2253 651 ῡ
2281 587 2740 673 παροξύνεται,
2788 590 3089 656 ὡςαύτως

494 693 597 757 καὶ
653 691 874 770 Μύρα
930 688 1119 755 πόλις
1175 690 1402 756 Λυκίας
1458 690 1589 756 ἀπὸ
1650 692 1871 770 μύρων
1928 692 1968 771 ἢ
2026 690 2158 756 ἀπὸ
2216 692 2536 770 Μύρωνος
2591 693 2630 770 ἢ
2676 690 2808 756 ἀπὸ
2856 692 3088 770 Μύρου

495 797 790 873 ποταμοῦ
845 792 1356 871 παραρρέοντος·
1433 793 1698 873 ἄμεινον
1764 796 1835 858 δὲ
1879 795 1957 859 τὸ
2012 798 2290 873 πρῶτον.
2381 793 2629 869 λέγεται
2680 794 2783 858 καὶ
2829 793 3084 858 οὐδετέ-

495 898 668 979 ρως·
724 895 1026 960 ὡςαύτως
1081 896 1183 959 καὶ
1237 895 1452 974 Ψύρα
1516 898 1708 973 νῆςος
1763 895 1950 975 μικρὰ
2005 895 2273 974 πληςίον
2320 894 2508 975 Χίου,
2569 896 2648 973 ἣν
2714 894 2752 959 6
2818 897 3085 974 ποιητὴς

492 997 738 1077 Ψυρίαν
783 999 964 1061 καλεῖ
1011 998 1250 1075 «νήςου
1295 996 1400 1061 ἐπὶ
1443 996 1723 1075 Ψυρίης»
1769 995 1925 1078 (Od.
1969 1017 2010 1073 γ
2061 996 2225 1078 171).
2299 998 2375 1061 τὸ
2422 998 2493 1061 δὲ
2544 982 2745 1075 Κύ“ρα
2789 997 2828 1077 ἡ
2885 997 3083 1076 κρήνη
3112 1010 3145 1059 5

493 1100 778 1165 ἐκτεῖνον
822 1100 898 1165 τὸ
945 1101 982 1165 ὖ
1025 1099 1128 1163 καὶ
1169 1100 1246 1164 τὸ
1292 1102 1332 1162 fi
1364 1100 1469 1163 διὰ
1498 1102 1615 1162 τοῦ
1658 1102 1696 1176 ἦ
1745 1097 2047 1178 ἐξηνέχθη
2083 1098 2265 1177 Κύρη.
2327 1099 2725 1178 ςεςημείωται
2758 1098 2834 1163 τὸ
2879 1098 3086 1178 πυρά

494 1200 908 1281 ὀξυνόμενον.
995 1202 1072 1266 τὸ
1118 1202 1189 1266 δὲ
1233 1199 1391 1284 (0(1.
1439 1206 1476 1266 δ
1518 1199 1675 1285 500)

984 1303 1307 1386 Γυρῇςίν
1353 1324 1456 1383 μιν
1500 1307 1724 1381 πρῶτα
1765 1302 2145 1369 Ποςειδάων
2190 1302 2560 1385 ἐπέλαςςεν,

982 1405 1278 1488 πέτρῃςιν
1325 1404 1623 1487 μεγάλῃςι

492 1506 546 1573 εἰ
589 1507 690 1572 καὶ
735 1505 907 1572 ἰδίως
952 1508 1232 1587 λέγεται,
1278 1505 1431 1570 ἀλλ’
1475 1507 1647 1585 ὅμως
1691 1506 1822 1586 ἔχει
1866 1504 2042 1573 τάξιν
2089 1506 2461 1585 ἑπιθετικήν.
3123 1515 3188 1566 10

660 1610 754 1674 Τὰ
798 1608 888 1674 εἰς
931 1614 1016 1687 boi
1061 1607 1222 1687 ὑπὲρ
1268 1609 1388 1673 δύο
1423 1609 1735 1688 ςυλλαβὰς
1778 1614 1871 1692 τῷ
1918 1612 1957 1673 ῦ
2000 1608 2501 1687 παραληγόμενα
2543 1609 2896 1688 βαρύνεται.
2942 1606 3085 1685 ἀλλ’

491 1712 546 1778 εἰ
604 1714 718 1791 μὲν
776 1710 961 1789 ἔχωςι
1018 1710 1095 1775 τὸ
1152 1714 1194 1773 ἇ
1249 1708 1523 1791 μακρόν,
1577 1710 2036 1793 παροξύνεται,
2092 1711 2482 1790 πορφύρα.
2567 1709 2854 1791 Ἐφύρα
2896 1708 3083 1774 πόλις

492 1814 792 1891 Ἠπείρου
849 1811 980 1877 ἀπό
1035 1812 1315 1891 Ἐφύρου
1369 1814 1488 1876 τοῦ
1541 1796 1900 1892 ’Άμβρακος
1952 1815 2069 1876 τοῦ
2126 1812 2515 1890 Θεςπρωτοῦ
2570 1815 2688 1876 τοῦ
2741 1812 3083 1886 Πελαςγοῦ

489 1919 606 1980 τοῦ
659 1916 972 1993 γηγενοῦς
1028 1917 1144 1978 τοῦ
1190 1913 1509 1992 Ἀρκάδος.
1584 1914 1852 1992 δευτέρα
1906 1916 2052 1992 περὶ
2094 1912 2297 1977 Ἦλιν.
2371 1912 2453 1991 ἦν
2510 1915 2581 1978 δὲ
2637 1912 2796 1991 αὕτη
2852 1913 3081 1992 μεταξὺ

488 2016 718 2081 Πύλου
762 2018 865 2079 καὶ
902 2015 1196 2098 Ἤλιδος,
1244 2016 1334 2079 ῶς
1376 2015 1810 2094 Παρμενίςκος
1855 2002 2069 2096 φηςίν.
2129 2015 2415 2094 Ὅμηρος
2459 2015 2531 2079 δὲ
2573 2015 2649 2079 τὸ
2696 2014 2933 2094 Ἐφύρη
2978 2013 3083 2078 ἐπὶ
3119 2023 3185 2074 15

487 2121 601 2195 τῆς
649 2118 961 2195 Κορίνθου
1004 2116 1148 2196 ἔφη.
1225 2116 1433 2181 οὕτως
1478 2117 1550 2181 δὲ
1594 2117 1884 2181 ἐκαλεῖτο
1930 2116 2061 2182 ἀπὸ
2104 2116 2376 2197 Ἐφύρας
2418 2120 2531 2195 τῆς
2576 2116 2924 2195 Μύρμηκος
2967 2118 3080 2194 τῆς

487 2220 871 2298 Ἐπιμηθέως
925 2218 1242 2295 γυναικός.
1340 2217 1466 2282 ἔςτι
1520 2218 1624 2282 καὶ
1680 2218 1843 2296 ἄλλη
1900 2219 2138 2299 Ἐφύρη
2188 2219 2519 2297 Κράννουν
2585 2218 2932 2300 λεγομένη,
2989 2218 3079 2282 ὥς

486 2343 636 2402 φηςι
687 2320 906 2385 Κινέας
951 2319 989 2384 6
1036 2319 1248 2399 ῥήτωρ
1293 2320 1396 2384 καὶ
1425 2319 1903 2400 Ἐπαφρόδιτος.
1972 2322 2075 2385 καὶ
2119 2324 2310 2399 νῆςος
2355 2320 2435 2384 οὐ
2476 2320 2721 2400 μακρὰν
2753 2319 3079 2398 ἀπέχουςα

488 2424 734 2502 Μήλου.
833 2422 961 2487 ἔςτι
1028 2424 1130 2486 καὶ
1184 2421 1443 2486 Ἰταλίας
1498 2423 1657 2486 κατὰ
1715 2423 2100 2501 Καμπανίαν.
2200 2422 2326 2487 ἔςτι
2383 2422 2486 2487 καὶ
2540 2422 2718 2501 κώμη
2773 2420 3079 2486 Αἰτωλίας

489 2526 741 2605 Ἐφύρα.
826 2523 1224 2605 κολλύρα,·
1270 2521 1626 2606 Ζεφύρα,
1682 2524 2016 2607 Φιλύρα,
2078 2525 2361 2605 Κιβύρα
2414 2523 2602 2588 πόλις
2656 2524 2821 2601 πρὸς
2878 2522 3078 2588 νότον
3113 2531 3181 2581 20

489 2627 880 2704 Μαιάνδρου.
969 2624 1371 2703 Ἀντικύρα
1414 2623 1635 2689 πόλεις
1681 2626 1799 2691 δύο
1855 2626 1894 2704 ἡ
1939 2626 2045 2705 μία
2088 2624 2407 2708 Φωκίδος,
2465 2623 2556 2690 ὡς
2611 2625 2979 2703 Δημήτριος
3039 2625 3078 2688 6

493 2727 947 2808 Καλλατιανός,
1002 2726 1041 2805 ἡ
1097 2729 1168 2791 δὲ
1225 2726 1296 2791 ἐν
1353 2728 1728 2810 Μαλιεῦςιν,
1788 2728 1879 2793 ὡς
1937 2727 2446 2807 Ἀπολλόδωρος.
2532 2726 2834 2805 Τεγύρα
2889 2725 3075 2792 πόλις

489 2830 828 2911 Βοιωτίας,
873 2828 1077 2907 (ἦμος
1122 2828 1159 2892 6
1204 2830 1450 2908 Δήλιος
1497 2832 1653 2908 «τὴν
1701 2829 2111 2895 ’Λπόλλωνος
2156 2829 2402 2906 γένεςιν
2449 2828 2511 2893 οἱ
2570 2831 2685 2907 μὲν
2742 2827 2812 2892 ἐν
2858 2827 3075 2911 Λυκίᾳ,

488 2931 551 2997 οἱ
607 2931 675 2995 δ’
719 2931 788 2996 ἐν
833 2931 1066 3015 Δήλῳ,
1126 2930 1188 2996 οἱ
1234 2932 1302 2995 δ’
1346 2932 1416 2995 ἐν
1460 2930 1748 3010 Ζωςτῆρι
1793 2934 1907 3008 τῆς
1954 2933 2261 3015 Ἀττικῆς,
2329 2932 2390 2996 οἱ
2437 2933 2507 2996 δὲ
2554 2930 2625 2995 ἐν
2669 2930 2919 3014 Τεγύρᾳ
2962 2934 3076 3007 τῆς

487 3032 788 3098 Βοιωτίας
832 3032 1022 3111 φαςίν
1039 3059 1082 3097 ».
1161 3033 1575 3112 Καλλιςθένης
1620 3034 1690 3099 ἐν
1734 3034 1927 3119 τρίτῳ
1972 3038 2103 3097 τῶν
2155 3033 2537 3114 Ἑλληνικῶν
2584 3032 2749 3096 «ἔςτι
2811 3035 3075 3110 μαντεῖα
3110 3049 3177 3099 25

482 3137 558 3199 τὸ
605 3136 718 3213 μὲν
762 3135 1068 3213 Ἰςμήνιον
1114 3134 1185 3198 ἐν
1231 3134 1498 3217 Θήβαις,
1553 3138 1629 3200 τὸ
1689 3138 1760 3200 δὲ
1803 3135 2194 3215 Τροφωνίου
2250 3135 2321 3200 ἐν
2364 3135 2704 3219 Λεβαδείᾳ,
2762 3135 2838 3198 τὸ
2884 3135 2956 3197 δὲ
3001 3132 3072 3197 ἐν

481 3237 695 3316 Ἄβαις
741 3236 1095 3313 λεγόμενον
1141 3236 1212 3299 ἐν
1256 3236 1615 3320 Φωκεῡςιν,
1672 3239 1750 3301 τὸ
1808 3239 1879 3302 δὲ
1927 3239 2316 3316 κυριώτερον
2369 3237 2441 3302 ἐν
2486 3237 2818 3318 Δελφοῖς,
2874 3236 2912 3299 ὃ
2970 3235 3073 3299 καὶ

483 3336 952 3416 μάλιςτά-φαςι
1010 3339 1547 3416 μεμαρτυρηκέναι
1601 3341 1715 3418 τὴν
1762 3339 1832 3403 ἐν
1879 3339 2190 3423 Τεγύρᾳ».
2279 3340 2574 3418 ςιςύρα·
2633 3337 2688 3402 εἰ
2732 3339 2803 3402 δὲ
2850 3337 3072 3419 βραχύ,

483 3439 1068 3522 προπαροξύνεται,
1119 3439 1457 3519 Κέρκυρα
1502 3445 1708 3520 νῆςος.
1798 3439 2172 3534 ἀμφιβόλως
2217 3441 2348 3520 ἔχει
2382 3443 2422 3520 ὴ
2452 3444 2565 3518 τῆς
2606 3439 2804 3518 νήςου
2832 3439 3068 3520 γραφή,

482 3540 731 3615 λέγεται
787 3541 909 3618 γὰρ
963 3541 1062 3604 καὶ
1117 3543 1220 3605 διὰ
1274 3546 1391 3607 τοῦ
1447 3545 1485 3606 ὃ
1547 3543 1930 3626 Κόρκυρα,
1984 3543 2170 3622 ἑτέρα
2226 3545 2297 3607 δὲ
2356 3543 2639 3622 Κέρκυρα
2701 3541 2886 3607 ἐντὸς
2950 3545 3069 3606 τοῦ
3106 3556 3174 3609 30

484 3641 713 3705 Ἰονίου
758 3642 863 3706 διὰ
907 3645 1023 3707 τοῦ
1069 3645 1106 3705 ὃ
1152 3643 1414 3722 μάλιςτα
1460 3645 1772 3723 λεγομένη
1808 3646 2095 3724 Κόρκυρα
2138 3645 2177 3723 ἡ
2223 3646 2325 3709 καὶ
2357 3646 2647 3710 Μέλαινα
2690 3644 3067 3723 καλουμένη.

482 3742 796 3822 ἄγκυρα.
842 3743 967 3808 ἔςτι
1014 3745 1116 3808 καὶ
1157 3745 1342 3809 πόλις
1387 3746 1703 3811 Γαλατίας.
1749 3747 2185 3813 Ἀπολλώνιος
2230 3747 2301 3812 ἐν
2345 3745 2841 3830 ἑπτακαιδεκάτῃ
2889 3745 3068 3823 Καρι-

484 3850 613 3910 κῶν
667 3844 905 3925 ἱςτορεῑ
950 3847 1301 3931 Μιθριδάτῃ
1355 3849 1458 3912 καὶ
1502 3848 1954 3934 Ἀριοβαρζάνῃ
2009 3850 2322 3929 νεήλυδας
2376 3851 2531 3915 τοὺς
2588 3849 2866 3913 Γαλάτας
2922 3868 3067 3926 ςυμ-

483 3947 884 4027 μαχήςαντας
940 3952 1155 4014 διῶξαι
1209 3950 1362 4013 τοὺς
1420 3949 1546 4014 ὑπὸ
1605 3951 2014 4032 Πτολεμαίου
2082 3952 2420 4017 ςταλέντας
2482 3939 2860 4027 Αἰγυπτίουὶ
2920 3947 3066 4027 ἄχρι

481 4050 789 4127 θαλάςςης
843 4050 946 4113 καὶ
1003 4052 1220 4129 λαβεῖν
1274 4050 1390 4114 τὰς
1443 4049 1722 4131 ἀγκύρας
1783 4059 1915 4118 τῶν
1971 4057 2139 4118 νεῶν
2196 4052 2410 4118 αὐτῶν
2424 4102 2442 4135 ,
2510 4052 2611 4116 καὶ
2667 4052 2888 4130 μιςθόν
2953 4052 3067 4127 τῆς
3102 4065 3167 4116 35

481 4150 655 4229 νίκης
700 4150 789 4215 εἰς
818 4151 1134 4230 πολιςμὸν
1167 4151 1480 4231 λαβόντας
1510 4154 1729 4232 χώραν
1759 4154 1953 4220 κτίςαι
1998 4156 2102 4218 καὶ
2132 4153 2439 4232 ὀνομάςαι
2471 4152 2696 4217 οὕτως.
2742 4152 3064 4232 γέφυρα.

480 4371 540 4424 δὲ
576 4373 667 4424 καί
704 4373 831 4437 περὶ
877 4372 1107 4424 τούτων
1152 4388 1242 4437 μοι
1288 4373 1525 4425 πάντων
1570 4374 1633 4426 ἐν
1679 4377 1796 4425 τοῖς
1851 4374 1977 4438 περὶ
2028 4374 2325 4454 καθολικής
2373 4370 2701 4438 προςῳδίας.
2773 4371 2940 4438 Μύρα
2977 4389 3066 4423 ae·

480 4443 648 4491 cessit
683 4457 750 4491 ex
786 4442 1191 4507 Theogn.101,
1233 4446 1320 4506 19,
1369 4441 1525 4505 Ψύρα
1562 4459 1628 4492 ex
1668 4445 1746 4492 St.
1787 4443 1877 4504 B.;
1927 4441 2075 4507 Κύρα
2117 4441 2154 4504 ἡ
2202 4456 2380 4505 κρηνη
2428 4442 2592 4491 habet
2630 4441 2905 4523 'lheognq
2942 4441 3062 4506 ipse

479 4510 634 4559 adice
640 4507 947 4560 ἰὲκτεῖνον
982 4507 1052 4561 τὸ
1088 4513 1124 4560 ii
1160 4510 1249 4561 καὶ
1284 4509 1354 4562 τὸ
1390 4514 1452 4572 fi,
1490 4526 1616 4561 nam
1653 4510 2000 4560 Herodianus
2046 4511 2104 4559 in
2140 4511 2243 4558 Dic
2247 4509 2324 4558 hr.
2366 4510 2401 4558 l.
2441 4525 2517 4570 n.,
2556 4509 2652 4558 ubi
2696 4509 2818 4559 id1
2800 4525 2858 4558 ιιι
2894 4525 3063 4559 unum

480 4526 724 4641 κολλύιρα
760 4577 957 4628 cadere
997 4577 1154 4641 dicit,
1192 4579 1334 4628 hanc
1371 4593 1556 4628 vocem
1595 4577 2031 4660 praetermisisse
2055 4578 2276 4628 videtur
2300 4582 2593 4642 propterea
2619 4576 2761 4641 quod
2798 4581 2884 4626 est
2922 4576 3062 4628 κατὰ

480 4642 799 4708 διάλεκτον,
846 4651 904 4695 et
951 4644 1299 4697 Choerobosc
1303 4662 1367 4696 us
1415 4648 1483 4696 Di
1489 4652 1559 4696 c.t
1600 4637 1698 4695 510
1712 4647 1795 4706 ,4
1844 4661 2030 4708 parum
2079 4662 2143 4695 ac
2149 4649 2340 4694 curato
2380 4644 2589 4695 Herodi
2595 4646 2685 4693 ani
2728 4645 2972 4695 sententi
2975 4660 3062 4694 am

482 4717 563 4761 ret
565 4713 642 4761 uli
648 4719 670 4761 t
695 4713 910 4763 dicens·
947 4712 1270 4777 ςημειοῡταί
1302 4728 1428 4765 τινα
1464 4713 1496 4764 ὁ
1523 4711 1865 4777 Ηρωδιανός
1901 4709 1963 4763 ἐν
1988 4717 2058 4778 τῇ
2087 4711 2332 4764 καθόλου
2358 4712 2433 4776 μὴ
2460 4710 2821 4774 ἐξενεχθέντα
2845 4710 2933 4763 διὰ
2956 4715 3059 4764 τοῦ

480 4780 533 4840 ἃ,
569 4777 713 4830 ἀλλὰ
734 4779 822 4832 διὰ
844 4782 949 4831 τοῦ
977 4781 1266 4845 ῆ.1.11
1306 4795 1568 4832 canonem
1596 4797 1662 4831 ex
1687 4780 2031 4837 Arcad.101,
2062 4784 2123 4832 10
2146 4781 2254 4829 huo
2279 4780 2558 4834 transtuli.
2610 4777 2818 4845 Ἐφύρα
2844 4780 3063 4845 explevi

484 4861 548 4894 ex
574 4849 761 4910 st.13.‚
788 4847 1061 4914 κολλύρα,
1086 4848 1318 4913 Ζεφύρα
1342 4867 1410 4900 ex
1435 4851 1580 4900 Mon
1607 4847 1644 4897 1.
1672 4865 1719 4899 ο.
1742 4847 1874 4898 addi
1879 4847 1934 4897 di
1947 4847 2293 4913 ,Φιλύρα-
2320 4846 2540 4911 Τεγύρα
2565 4863 2633 4897 ex
2658 4848 2737 4901 St.
2765 4849 2826 4898 B.
2832 4846 3059 4912 ,ςιςύρα

482 4928 548 4962 ex
583 4914 845 4981 Theogn„
884 4887 1134 4982 Κέρκυρα
1168 4917 1385 4982 explevi
1419 4933 1488 4968 ex
1515 4917 1673 4967 Eust
1711 4916 1783 4965 ad
1807 4916 1880 4966 Di
1864 4932 1968 4966 ιο.ιι
1997 4920 2122 4979 4923
2161 4932 2227 4965 ex
2267 4917 2347 4965 st.
2381 4918 2444 4966 B.
2469 4914 2683 4980 ἄγκυρα
2722 4922 2779 4968 et
2809 4915 3054 4980 γέφυρα;
