3664 5546
1197 317 1355 372 ΠΕΡΙ
1394 316 1786 372 ΚΑΘΟΛΙΚΗ(
1818 316 2241 372 ΠΡΟΕΩιΔΙΑ(
2282 317 2352 369 ΙΓ.
2961 316 3090 382 359

499 493 767 567 Ἅγιον
826 489 1028 555 τόπος
1093 487 1385 571 (Σκυθίας,
1461 486 1533 554 ἐν
1599 489 1652 571 ᾧ
1720 487 2091 568 Ἀςκληπιὸς
2156 488 2444 570 ἐτιμᾶτο,
2524 487 2613 552 ὡς
2691 486 3085 566 Πολυίςτωρ.

496 592 799 670 Πάριον
857 591 1042 656 πόλις
1098 590 1170 656 ἐν
1223 590 1668 674 Ἑλληςπόντῳ
1729 588 1861 654 ἀπὸ
1917 589 2170 669 Παρίου
2223 592 2341 654 τοῦ
2397 589 2728 654 Ἰαςίωνος.
2813 588 3085 668 Ὅριον

497 693 697 758 τόπος
746 693 1009 772 Κρήτης.
1086 692 1396 758 Πάνιον
1444 691 1754 768 ςπήλαιον
1798 690 2254 773 Παλαιςτίνης,
2307 690 2422 771 ἀφ’
2467 691 2546 755 οὗ
2591 691 2761 769 ἐκρεῖ
2805 690 2843 755 ὁ
2888 710 3086 755 ποτα-

499 795 615 875 μὸς
660 792 997 872 Ἰορδάνης.
1083 794 1402 858 Ὅλκιον
1448 793 1635 858 πόλις
1677 792 2049 872 Τυρρηνίας.
2135 793 2461 873 Πολύβιος
2507 791 2686 876 ἕκτῳ.
2759 791 3086 870 Ὅλμιον

497 897 683 960 πόλις
728 894 1064 978 Βοιωτίας,
1124 895 1215 960 ὡς
1260 894 1724 975 Ἐπαφρόδιτος
1778 895 1850 958 ἐν
1903 898 2042 960 τοῖς
2085 894 2464 975 Ὁμηρικοῖς.
2556 894 2845 960 Νότιον
2898 893 3084 957 πόλις
3110 901 3144 950 5

499 997 751 1063 Ἰωνίας.
837 996 1161 1061 Ἑκαταῖος
1204 995 1388 1079 Ἀςίᾳ.
1475 997 1788 1062 Ἄντιον
1832 995 2019 1061 πόλις
2078 997 2234 1076 μετὰ
2277 995 2616 1075 Λωρεντὸν
2669 997 2783 1072 τῆς
2828 993 3085 1058 Ἰταλίας

495 1098 535 1177 ἡ
581 1100 686 1163 καὶ
725 1099 996 1164 Ἄντεια.
1037 1103 1046 1121 ’
1086 1096 1473 1177 Βάκτριον
1518 1097 1721 1162 πόλις.
1812 1096 2134 1176 Μόψιον
2178 1096 2366 1162 πόλις
2415 1100 2528 1175 τῆς
2570 1096 3084 1172 Πελαςγιώτιδος

498 1203 712 1280 χώρας
757 1196 1112 1264 Θεςςαλίας.
1203 1197 1604 1277 «ὠνόμαςται
1650 1198 1768 1263 οὐκ
1812 1197 1945 1263 ἀπὸ
1993 1198 2237 1278 Μόψου
2281 1202 2399 1264 τοῦ
2446 1199 2748 1263 Μαντοῦς
2791 1200 2903 1275 τῆς
2945 1199 3083 1262 Τει-

499 1301 740 1383 ρεςίου,
802 1298 945 1364 ἀλλ’
1000 1298 1131 1364 ἀπὸ
1186 1304 1303 1364 τοῦ
1347 1299 1633 1364 Λαπίθου
1685 1303 1804 1364 τοῦ
1861 1299 2370 1378 ςυμπλεύςαντος
2424 1303 2561 1365 τοῖς
2615 1299 3083 1379 Ἀργοναύταις.

497 1403 697 1468 ἄλλος
758 1402 815 1467 δ’
868 1399 997 1466 ἐςτὶ
1051 1401 1322 1484 Μόψος,
1389 1401 1503 1480 ἀφ’
1557 1399 1638 1466 οὗ
1690 1401 1731 1480 ἡ
1789 1402 2029 1480 Ἀττικὴ
2089 1398 2447 1481 Μοψοπία»
2507 1398 2753 1483 (Strab.
2800 1423 2862 1486 p.
2909 1399 3081 1482 443).
3124 1409 3187 1460 10

500 1504 801 1569 Μάςιον
847 1501 1004 1581 ὄρος
1050 1502 1211 1582 ὑπὲρ
1255 1506 1368 1581 τῆς
1415 1500 1700 1582 Νιςίβιος.
1769 1502 2069 1583 (Στράβων
2115 1501 2419 1587 ἑνδεκάτῃ
2464 1503 2552 1588 (p.
2596 1500 2766 1584 527).
2846 1502 3081 1566 Κάςτ-

498 1619 676 1672 νιον
741 1603 897 1682 ὄρος
963 1603 1034 1669 ἐν
1098 1603 1422 1687 Ἀςπένδῳ
1485 1606 1597 1682 τῆς
1655 1603 2058 1684 Παμφυλίας.
2166 1604 2494 1684 Κρήςιον
2550 1603 2737 1668 πόλις
2807 1603 3080 1681 Κύπρου.

499 1707 889 1785 Θεόπομπος
930 1705 1330 1770 Φιλιππικῶν
1376 1706 1938 1790 πεντεκαιδεκάτῳ.
1989 1707 2331 1772 Καύδιον
2375 1705 2562 1770 πόλις
2592 1705 2869 1769 Ἰταλίας.
2923 1705 3082 1768 Διο-

497 1809 713 1873 νύςιος
756 1807 1175 1891 ἑκκαιδεκάτῳ
1218 1806 1567 1886 Ῥωμαϊκῆς
1611 1806 2083 1886 ἀρχαιολογίας.
2174 1799 2460 1887 Κόριόν
2505 1807 2706 1872 τόπος
2758 1807 2829 1871 ἐν
2877 1807 3082 1888 Κρήτῃ

498 1909 630 1974 ἀπὸ
675 1907 867 1988 κόρης
910 1907 1097 1974 τινός.
1190 1908 1473 1974 Κάςιον
1518 1907 1675 1987 ὄρος
1718 1910 1820 1974 καὶ
1864 1909 2051 1974 πόλις
2085 1908 2417 1992 ,Αἰγύπτου
2475 1909 2638 1986 πρὸς
2688 1913 2780 1990 τῷ
2823 1908 3080 1986 Πηλου-
3123 1917 3183 1968 15

493 2010 620 2094 ςίῳ.
709 2010 938 2089 ἐκλήθη
994 2011 1066 2074 δὲ
1111 2008 1242 2074 ἀπὸ
1295 2012 1406 2088 τῆς
1455 2009 1778 2077 Κυκλάδος
1835 2011 2031 2089 νήςου
2086 2013 2124 2089 ἢ
2172 2009 2303 2076 ἀπὸ
2351 2010 2558 2074 Κάςου
2609 2011 2727 2074 τοῦ
2776 2008 3080 2090 Κλεόχου,

492 2111 607 2192 ἀφ’
652 2110 732 2176 οὗ
778 2111 879 2175 καὶ
928 2111 1155 2175 Καςίου
1198 2111 1363 2176 Διὸς
1404 2109 1598 2189 ἱερόν.
1689 2111 1981 2191 Θύριον
2025 2111 2213 2177 πόλις
2257 2110 2682 2190 Ἀκαρνανίας.
2769 2109 3079 2189 Μάριον

492 2212 677 2278 πόλις
724 2211 983 2290 Κύπρου
1025 2213 1081 2306 ἡ,
1111 2213 1647 2291 μετονομαςθεῖςα
1692 2212 1977 2292 Ἀρςινόη
2028 2211 2160 2279 ἀπὸ
2207 2212 2519 2292 Μαριέως.
2608 2211 2916 2290 Δήλιον
2960 2231 3080 2275 πο-

493 2315 737 2394 λίχνιον
796 2314 1102 2379 Βοιωτίας
1159 2314 1230 2378 ἐν
1296 2319 1372 2395 τῇ
1427 2313 1728 2398 Τανάγρᾳ
1793 2315 1898 2379 καὶ
1962 2312 2139 2393 ἱερὸν
2203 2314 2630 2379 Ἀπόλλωνος.
2718 2313 3078 2377 Δαύνιον

492 2417 677 2480 πόλις
710 2416 985 2480 Ἰταλίας.
1042 2414 1402 2493 Δάλμιον
1432 2413 1620 2479 πόλις
1649 2414 2037 2494 Δαλματίας.
2086 2416 2470 2500 Γράμμιον
2513 2414 2699 2479 πόλις
2740 2415 2811 2480 ἐν
2857 2415 3077 2497 Κρήτῃ.
3114 2424 3183 2475 20

493 2517 830 2593 Γόλγιον
899 2516 1086 2580 πόλις
1146 2515 1438 2597 Κύπρου,
1498 2516 1538 2593 ἣ
1603 2516 1706 2579 καὶ
1771 2517 2014 2592 Γολγοί.
2119 2516 2400 2581 Ἠπιον
2465 2516 2652 2581 πόλις
2712 2516 3078 2597 Τριφυλίας.

492 2618 891 2697 Βρύλλιον
934 2603 1236 2682 πόλις’ἑν
1279 2622 1356 2700 τῇ
1399 2617 1832 2698 Προποντίδι,
1888 2617 2172 2699 Ἔφορος
2218 2620 2289 2682 δὲ
2333 2618 2404 2683 ἐν
2448 2623 2540 2700 τῷ
2586 2617 2635 2682 ε’
2685 2617 2831 2682 Κίον
2875 2617 3076 2695 αὐτήν

491 2739 680 2800 φηςιν
737 2716 918 2784 εἶναι.
1007 2717 1343 2797 Βρύγιον
1408 2718 1595 2783 πόλις
1653 2718 2073 2785 Μακεδονίας.
2163 2719 2481 2785 Βαίτιον
2536 2719 2724 2787 πόλις
2783 2718 3075 2785 Μακεδο-

489 2821 643 2887 νίας.
752 2816 1142 2899 Θεόπομπος
1206 2819 1450 2903 εἰκοςτῇ
1516 2821 1798 2905 τετάρτῃ.
1911 2821 2298 2900 Βούτριον
2375 2824 2489 2899 τῆς
2549 2820 2808 2886 Ἰταλίας
2872 2820 3074 2886 πόλις.

490 2924 824 3002 Βέργιον
879 2922 1066 2985 πόλις
1120 2921 1402 3003 Θρᾴκης,
1458 2922 1498 2998 ἣ
1551 2922 1653 2985 καὶ
1708 2921 1929 3001 Βὲργη.
2015 2922 2418 2988 Πλούτιον
2476 2921 2662 2987 πόλις
2706 2923 3074 3002 Τυρρηνῶν.
3110 2932 3177 2983 25

487 3025 806 3089 Δώτιον
860 3022 1087 3088 πεδίον
1134 3022 1505 3103 Θεςςαλίας,
1560 3022 1730 3087 ὅπου
1786 3025 2151 3106 μετῳκηςαν
2209 3023 2271 3087 οἱ
2328 3010 2592 3105 Κνίδιοι,
2654 3022 2747 3089 ὧν
2800 3024 2839 3101 ἡ
2896 3025 3076 3103 χώρα

486 3126 524 3203 ἡ
574 3126 802 3191 Κνιδία.
896 3122 1289 3203 Καλλίμαχος
1345 3123 1415 3187 ἐν
1471 3125 1610 3189 τοῖς
1655 3121 1875 3202 ὕμνοις
1920 3123 2020 3206 (in
2064 3121 2278 3188 Ceret.
2323 3123 2436 3206 24)
2496 3124 2725 3189 «οὔπω
2767 3125 2887 3189 τὰν
2936 3126 3075 3189 Κνι-

490 3226 660 3308 δίαν,
716 3217 806 3290 ἔτι
851 3226 1116 3291 Δώτιον
1169 3223 1314 3302 ἱρὸν
1369 3223 1648 3290 ἔναιον».
1737 3225 1969 3304 ἐκλήθη
2024 3225 2094 3290 δὲ
2148 3223 2281 3291 ἀπὸ
2324 3223 2583 3292 Δωτίας
2636 3229 2747 3303 τῆς
2790 3226 3071 3290 Ἐλάτου.

487 3327 847 3406 Φερεκύδης
901 3328 973 3391 δὲ
1028 3324 1159 3390 ἀπὸ
1204 3326 1463 3389 Δώτιος
1505 3328 1622 3390 τοῦ
1667 3325 1984 3404 Ἀςτερίου
2039 3328 2142 3392 καὶ
2185 3327 2644 3407 Ἀμφικτυόνης
2699 3330 2811 3405 τῆς
2852 3326 3070 3392 Φθίου.

491 3430 580 3493 ὡς
635 3430 706 3492 δὲ
750 3428 1039 3506 Ἀρχῖνος
1094 3426 1225 3493 ἀπὸ
1269 3426 1510 3491 Δώτου
1569 3430 1687 3491 τοῦ
1743 3427 2012 3493 Νεώνου
2067 3432 2187 3494 τοῦ
2231 3429 2559 3508 Ἕλληνος.
2650 3427 2944 3494 Μναςέας
3001 3430 3072 3493 δὲ
3108 3440 3176 3487 30

487 3528 618 3594 ἀπὸ
675 3528 915 3593 Δώτου
972 3533 1088 3592 τοῦ
1142 3528 1499 3603 Πελαςγοῡ.
1586 3528 1896 3607 Πήλιον
1962 3529 2148 3594 πόλις
2214 3530 2574 3595 Θετταλίας.
2665 3530 2911 3606 λέγεται
2974 3530 3074 3594 καὶ

485 3628 711 3709 Πηλία.
801 3631 1080 3693 καλεῖται
1137 3630 1209 3693 δὲ
1254 3629 1358 3692 καὶ
1397 3628 1638 3706 Πηλεῖς
1681 3632 2119 3708 πληθυντικῶς
2172 3630 2303 3697 ἀπὸ
2358 3635 2475 3697 τοῦ
2527 3631 2782 3710 Πηλεύς
2840 3632 3072 3695 ἑνικοῦ.

485 3732 561 3796 τὸ
617 3732 689 3795 δε
743 3729 899 3808 ὄρος
951 3729 1219 3808 Πήλιον.
1326 3727 1628 3795 Πόλιον
1694 3730 1765 3796 ἐν
1830 3731 2046 3815 Λέςβῳ
2108 3733 2326 3799 τόπος.
2423 3732 2825 3812 Πρόςχιον
2893 3732 3071 3812 χώρα

439 3832 804 3897 .Αἰτωλίας.
890 3831 1233 3909 Πτέριον
1286 3830 1473 3895 πόλις
1530 3830 1789 3909 Μήδων.
1896 3832 2143 3910 λέγεται
2210 3834 2312 3898 καὶ
2375 3837 2665 3913 θηλυκῶς
2719 3833 2757 3911 ἡ
2813 3833 3068 3912 Πτερία.

488 3932 834 4013 (ἀμνιον
880 3932 1063 3996 πόλις
1105 3932 1478 4010 Πρετανίας.
1567 3931 1881 4012 (Σίγριον
1926 3934 2166 4014 Λὲςβου
2223 3936 2424 4014 λιμήν.
2514 3934 2832 4013 (ίρμιον
2885 3934 3070 3997 πόλις
3106 3943 3170 3991 35

483 4034 809 4100 Παιόνων.
898 4031 1454 4111 (κίριον-τόπος
1496 4033 1785 4099 Ἀττικός.
1877 4034 2123 4110 λέγεται
2168 4036 2270 4098 καὶ
2314 4034 2543 4112 (Σκῖρον
2599 4036 2700 4098 καὶ
2743 4034 2782 4097 ὁ
2828 4033 3067 4112 (κῖρος.

471 4134 819 4199 ’(ὀλλιον
867 4133 1177 4212 Κορίνθου
1215 4133 1571 4212 πολίχνιον.
1633 4134 2029 4213 Θουκυδίδης
2074 4135 2340 4217 δευτέρᾳ
2372 4136 2458 4216 (ο.
2490 4133 2617 4215 30).
2645 4170 2652 4175 -
2680 4133 3067 4199 (κύλλιον

485 4235 639 4314 ὄρος
675 4236 929 4314 Κρήτης.
995 4233 1362 4312 (Σμίνθιον
1392 4234 1613 4299 τόπος.
1662 4234 1962 4316 (τράβων
2006 4234 2479 4315 τριςκαιδεκάτῃ
2524 4235 2614 4318 (p.
2647 4234 2815 4314 605).
2877 4235 3065 4299 (ού-

484 4356 703 4414 τριον
748 4336 936 4400 πόλις
982 4338 1019 4413 ἡ
1066 4335 1384 4414 πρότερον
1414 4336 1795 4418 Τυρρηνῶν,
1844 4334 2124 4412 ὕςτερον-
2155 4336 2226 4399 δὲ
2270 4333 2615 4414 Ῥωμαίων.
2685 4334 3064 4413 (Στράτιον

485 4436 670 4502 πόλις
726 4435 1150 4516 Ἀκαρνανίας.
1239 4437 1586 4515 Θούριον
1642 4436 1828 4501 πόλις
1883 4434 2139 4500 Ἰταλίας
2205 4435 2525 4514 πρότερον
2593 4435 2857 4516 (Σύβαρις
2913 4436 3063 4503 ὀνο-
3099 4444 3169 4495 4ο

485 4542 779 4615 μαςθεῖςα
820 4540 860 4615 ἡ
906 4539 1008 4602 καὶ
1051 4538 1348 4617 Θούριοι,
1396 4538 1486 4600 ὡς
1530 4536 1600 4600 ἐν
1644 4543 1735 4618 τῷ
1779 4535 2137 4614 Ἡροδότου
2180 4536 2595 4616 ἐπιγράμματι

786 4638 1140 4717 Ἡρόδοτον
1186 4638 1401 4704 Λύξεω
1446 4635 1704 4714 κρύπτει
1750 4636 1926 4700 κόνις
1969 4635 2083 4713 ἦδε
2128 4637 2438 4719 θανόντα,

886 4737 1085 4802 Ἰάδος
1130 4737 1393 4816 ἀρχαίης
1435 4736 1711 4815 ἱςτορίης
1752 4736 2097 4816 πρύτανιν,
