3664 5546
1213 417 1371 472 ΠΕΡΙ
1413 416 1806 473 ΚΑΘΟΛΙΚΗ(
1843 415 2266 472 ΠΡΟΕΩιΔΙΑ(
2301 415 2365 470 Ζ.
2958 414 3076 479 177

492 591 578 655 ὡς
620 589 838 655 Φίλων
880 589 986 653 καὶ
1026 587 1409 654 Παυςανίας.
1481 587 1808 654 Ἑκαταῖος
1864 590 1935 654 δὲ
1989 590 2182 655 πόλιν
2236 587 2439 667 αὐτήν
2493 606 2700 668 φηςιν.
2788 586 3078 667 Ὅμηρος

492 694 595 757 «οἳ
642 692 849 758 Κῦνόν
890 691 957 756 τ’
1001 690 1301 771 ἐνέμοντ’
1343 690 1663 757 Ὀπόεντά
1703 710 1772 755 τε
1835 690 2188 770 Καλλίαρόν
2243 711 2354 756 τε»
2409 691 2486 773 (Β
2540 688 2712 772 531).
2800 691 2839 754 Γ
2852 693 3080 768 ρῦνοι

490 793 824 874 πολίχνιον
872 794 1261 873 Μυριναίων.
1328 793 1653 858 Ἑκαταῖος
1698 794 1769 858 δὲ
1814 795 1932 873 τὴν
1976 794 2168 859 πόλιν
2216 793 2518 872 Γρύνειαν
2558 794 2755 857 καλεῖ.
2824 793 3082 857 Θῦνος

489 897 738 963 ἑθνικόν
795 896 1164 977 ὁμοφώνως
1216 901 1310 981 τῶ
1366 894 1602 980 οἰκιςτῇ
1660 896 1750 961 ῶς
1807 895 2128 962 Θετταλός
2184 894 2437 962 Ἰταλός.
2523 895 2836 973 Φρῦνος
2889 894 3081 960 ἔθνος

456 995 468 1008 '
490 998 804 1065 (κυθικόν.
3107 1004 3139 1053 5

652 1125 692 1161 ιι
738 1102 835 1167 Τὰ
898 1100 988 1167 εἰς
1052 1102 1220 1165 ὃνἩέ
1286 1100 1630 1181 διςύλλαβα
1685 1102 2008 1181 μονογενῆ
2070 1099 2669 1180 ἀπαραςχημάτιςτα
2723 1098 3081 1182 βαρύνεται,

489 1203 812 1286 χρόνος,
883 1204 1215 1286 Κρόνος,
1282 1201 1554 1285 δόνος,
1622 1202 1958 1285 φθόνος,
2022 1202 2342 1286 κλόνος,
2407 1200 2686 1286 πόνος,
2761 1201 3083 1281 Πρόνος

491 1306 626 1371 υἱός
686 1306 1004 1386 Κεφάλου.
1090 1305 1166 1370 τὸ
1225 1304 1414 1370 ὄνος
1470 1303 1626 1384 ἔχον
1682 1306 1962 1385 θηλυκὸν
2020 1306 2319 1370 ςυνέπεςε
2374 1306 2513 1369 τοῖς
2578 1303 2933 1384 εἰρημένοις
2992 1304 3085 1368 ῶς

490 1407 1138 1489 ἀπαραςχημάτιςτον.
1225 1408 1303 1472 τὸ
1358 1406 1501 1482 γόν
1526 1426 1643 1491 ος,
1699 1406 1862 1486 ὅπερ
1916 1407 2197 1487 ςημαίνει
2250 1407 2327 1472 τὸ
2370 1409 2836 1491 γεγενημένον,
2893 1405 3083 1487 βαρύ-

489 1530 694 1595 νεται,
761 1510 800 1574 6
869 1511 940 1576 δὲ
994 1510 1365 1588 γεννητικὸς
1424 1508 1664 1584 γονός
1709 1508 2034 1594 ὀξύνεται,
2087 1512 2472 1593 πλεοναςμῷ
2515 1512 2633 1573 τοῦ
2678 1505 2718 1570 ῦ
2761 1509 3002 1585 γουνός
3047 1506 3085 1571 6
3122 1515 3188 1566 lo

489 1612 858 1692 γεννητικὸς
901 1610 1140 1694 τόπος,
1186 1610 1225 1674 6
1269 1611 1535 1690 γόνιμος
1579 1612 1683 1676 καὶ
1723 1611 2056 1692 κάρπιμος.

658 1715 753 1780 Τά
797 1713 886 1779 εἰς
928 1714 1104 1779 Woc
1151 1712 1520 1796 βαρύνεται,
1575 1713 1912 1792 Πρῶνος
1953 1712 2142 1778 πόλις
2193 1713 2492 1797 Κρητική,
2535 1717 2826 1799 κῶνος,
2882 1711 3084 1780 ὦνος

490 1817 530 1896 ἡ
572 1816 748 1898 τιμή,
795 1812 1255 1899 ςτῶνος(Ῥ),
1299 1819 1561 1894 χῶνος
1603 1816 1644 1895 ἡ
1689 1816 1901 1899 χώνη,
1944 1820 2218 1895 φῶνος
2261 1815 2300 1879 ὁ
2345 1816 2831 1898 μεγαλόφωνος.

656 1918 752 1983 Τὰ
795 1917 885 1984 εἰς
930 1935 1112 1981 αινος
1156 1917 1260 1981 καὶ
1313 1936 1495 1981 οινος
1548 1921 1871 1997 μονογενῆ
1930 1916 2300 2001 βαρύνεται,
2357 1915 2613 1984 αἶνος·
2685 1917 2812 1984 ἔςτι
2868 1919 2940 1983 δὲ
2984 1917 3089 1982 καὶ

489 2018 729 2086 Αἶνος
771 2020 960 2085 πόλις
1006 2012 1273 2103 Θρᾴκης.
1329 2019 1629 2101 (τράβων
1672 2017 1728 2088 Ζ’
1753 2017 1843 2106 (p.
1875 2018 1985 2102 88)
2032 2018 2145 2085 «ἐν
2190 2020 2261 2084 δὲ
2305 2025 2382 2104 τῇ
2427 2019 2658 2107 ἐκβολῇ
2701 2023 2819 2086 τοῦ
2848 2021 3083 2101 Ἕβρου
3121 2033 3184 2084 15

492 2123 787 2203 διςτόμου
831 2121 1025 2187 ὄντος
1067 2121 1256 2187 πόλις
1298 2119 1522 2205 Αἶνος,
1564 2122 1781 2202 κτίςμα
1813 2120 2267 2203 Μιτυληναίων
2309 2122 2413 2187 καὶ
2446 2122 2795 2202 Κυμαίων».
2854 2123 2908 2204 β’
2953 2123 3080 2189 ἔςτι

491 2226 594 2290 καὶ
645 2225 833 2289 πόλις
889 2224 1263 2307 Θεςςαλίας,
1328 2226 1634 2304 κληθῆναι
1689 2226 1760 2289 δὲ
1816 2224 2017 2304 αὐτὴν
2073 2224 2172 2290 ὅτι
2225 2223 2494 2304 πληςίον
2557 2227 2670 2303 τῆς
2721 2224 2947 2304 Ὄςςης
2999 2225 3080 2305 ἦν

491 2326 705 2393 Αἴνιος
747 2326 1037 2405 ποταμὸς
1091 2326 1195 2391 καὶ
1249 2326 1426 2407 κώμη
1481 2326 1837 2407 ἐπώνυμος.
1925 2326 1989 2392 οἱ
2042 2327 2115 2391 δὲ
2169 2325 2302 2391 ἀπὸ
2356 2330 2475 2391 τοῦ
2517 2325 2717 2391 Αἴνου
2764 2331 2881 2392 τοῦ
2929 2328 2968 2391 Γ
2969 2348 3080 2393 ου-

491 2429 655 2494 νέως
699 2428 1010 2508 ἀδελφοῡ.
1098 2427 1157 2503 γ’
1211 2426 1340 2492 ἔςτι
1392 2428 1499 2492 καὶ
1539 2429 1804 2508 Λοκρῶν
1858 2434 1991 2494 τῶν
2048 2429 2351 2497 Ὀζολῶν.
2440 2427 2497 2492 δ’
2551 2429 2711 2493 κατὰ
2765 2429 3081 2509 Θάψακον

493 2532 595 2595 καὶ
635 2531 752 2597 τὸν
797 2529 1152 2610 Εὐφράτην.
1221 2529 1270 2594 ε’
1314 2529 1443 2596 ἔςτι
1477 2531 1580 2594 καὶ
1606 2534 1799 2610 νῆςος
1842 2531 2271 2611 παρακειμένη
2313 2537 2391 2618 τῇ
2436 2530 2765 2612 εὐδαίμονι
2808 2531 3080 2617 Ἀραβίᾳ.
3117 2543 3186 2594 20

493 2632 618 2697 ἔςτι
672 2632 778 2698 καὶ
831 2632 1034 2697 τόπος
1087 2629 1283 2697 Αἶνος
1337 2631 1409 2697 ἑν
1461 2638 1539 2717 τῇ
1593 2633 1969 2712 καταντικρὺ
2015 2632 2284 2699 Ῥοδίων
2352 2632 2613 2719 ἠπείρῳ.
2709 2632 3082 2717 Αὔαινος,

498 2735 889 2800 Κόλαινος
943 2733 1155 2814 ὄνομα
1201 2733 1454 2818 κύριον,
1508 2733 1636 2816 ἀφ’
1679 2732 1760 2801 οὗ
1816 2737 1921 2801 καὶ
1980 2736 2279 2801 Κολαινία
2328 2736 2650 2820 Ἄρτεμις,
2712 2734 3080 2815 Κρύςται-

493 2857 661 2922 νος,
730 2836 1064 2903 Λέαινος
1142 2836 1351 2917 ὄνομα
1426 2837 1665 2917 κύριον.
1779 2838 2223 2923 Μύραινος,
2293 2837 2686 2904 Τάλαινος
2752 2837 2885 2903 ἀπὸ
2961 2842 3080 2903 τοῦ

493 2941 707 3005 τάλας.
810 2938 1382 3022 Μακαρίαινος,
1439 2938 1993 3024 Περίτταινος,
2051 2941 2557 3019 Ἀρίςταινος.
2662 2940 3080 3009 Μάζαινος.

443 3042 942 3139 .Δρύαινος,
1020 3040 1633 3120 Μελάγχλαινος
1708 3041 1899 3108 ἔθνος
1978 3041 2296 3108 (κυθικόν.
2404 3042 2729 3108 Ἑκαταῖος
2789 3042 3183 3128 Εὐρώπῃ.25

495 3145 825 3223 κέκληνται
891 3141 1017 3224 ἀφ’
1076 3142 1169 3208 ὧν
1236 3148 1551 3224 φοροῦςιν
1619 3144 1710 3210 ὡς
1762 3143 2178 3224 Ἱππημολγοὶ
2239 3144 2417 3224 παρὰ
2481 3145 2558 3211 τὸ
2624 3145 2779 3210 τοὺς
2839 3145 3084 3212 ἵππους

495 3245 794 3326 ἀμέλγειν
848 3246 955 3309 καὶ
998 3245 1424 3311 Μοςςύνοικοι
1479 3248 1655 3325 παρὰ
1710 3246 1825 3312 τὰς
1882 3247 2165 3328 οἰκήςεις.
2265 3245 2527 3333 οἶνος,
2573 3251 2917 3328 ςχοῖνος.
3003 3249 3082 3314 τὸ

499 3485 908 3552 βαρυνόμενον,
948 3486 1229 3538 vocabulis
1268 3502 1336 3537 ex
1371 3486 1453 3538 St.
1487 3489 1550 3539 B.
1587 3488 1843 3552 receptis·
1893 3484 2075 3539 Θῠνος
2112 3502 2201 3553 ap.
2239 3486 2321 3539 st.
2357 3487 2421 3542 B.
2462 3487 2605 3540 falso
2642 3492 2914 3555 oxy-tonos
2949 3489 3082 3539 scri-

497 3563 651 3622 ptum
685 3561 790 3606 est.
840 3553 1062 3618 Φρῠνος
1098 3555 1291 3605 addidi
1316 3570 1383 3605 ex
1403 3555 1661 3606 Eustath.
1687 3555 1758 3605 ad
1783 3555 2013 3620 Dionys,
2042 3558 2165 3617 752,
2240 3556 2299 3606 ni
2331 3554 2486 3608 loeus
2511 3572 2580 3608 ex
2606 3557 2689 3609 St.
2712 3559 2776 3607 B.
2800 3561 3083 3623 promptus

495 3624 738 3686 videtui-3
777 3623 856 3674 ibi
892 3622 1035 3673 falso
1061 3624 1321 3688 seriptum
1357 3627 1467 3674 eet:
1505 3625 1711 3688 φρῦνοι
1744 3621 1879 3689 γάρ,
1917 3621 2061 3675 καθὰ
2095 3624 2187 3674 καὶ
2265 3621 2406 3675 ίλων
2439 3622 2671 3689 γράφει,
2708 3622 2763 3676 οἱ
2799 3623 3080 3689 βάτραχοι,

497 3691 896 3758 ιρροὶὶιιιίναιιι
941 3697 1030 3741 est
1064 3691 1367 3741 acuendum
1412 3689 1643 3755 φρυνός.
1715 3693 1798 3742 De
1845 3690 2059 3743 πλυνός
2105 3692 2175 3742 cf.
2210 3692 2357 3746 Mon.
2393 3696 2485 3752 33,
2524 3695 2616 3744 13:
2661 3692 2967 3758 ςημειῶδες
3010 3692 3081 3743 τὸ

498 3757 712 3811 πλυνός
750 3757 894 3810 κατὰ
929 3757 1150 3824 χρόνον.
1199 3756 1381 3810 καίτοι
1403 3773 1469 3821 γε
1505 3759 1574 3810 τὸ
1611 3759 1812 3811 πλύνω
1851 3757 2248 3822 ἐκτεινόμενον
2280 3760 2352 3811 τὸ
2388 3761 2438 3810 ῦ.
2507 3761 2592 3812 Ab
2630 3761 2949 3812 Herodiano
2986 3763 3081 3812 ab·

496 3827 684 3880 horret
719 3827 1008 3878 distinctio
1042 3827 1190 3877 inter
1224 3826 1439 3878 πλύνος
1473 3827 1544 3879 τὸ
1579 3826 1939 3890 πλυνόμενον
1977 3833 2034 3880 et
2068 3827 2282 3881 πλυνός
2318 3828 2352 3881 ὁ
2386 3828 2566 3881 τόπος
2601 3828 2693 3881 καὶ
2727 3828 2798 3879 τὸ
2833 3825 3079 3893 ἀγγεῖον,

498 3893 559 3947 ἐν
597 3895 645 3962 ᾧ
683 3892 955 3947 πλύνουςί
987 3909 1058 3946 τι.
1093 3896 1353 3950 Favorin.
1388 3898 1504 3955 370,
1540 3898 1590 3959 9,
1624 3897 1690 3948 E.
1714 3897 1787 3947 M.
1813 3899 1933 3961 677,
1974 3898 2054 3961 18,
2091 3897 2268 3950 Schol.
2306 3898 2474 3951 Arist.
2498 3898 2649 3952 Plut.
2680 3899 2806 3948 1061
2846 3897 2916 3948 cf.
2941 3898 3078 3948 Lob.

497 3965 704 4018 Parall.
742 3981 793 4030 p.
828 3965 944 4019 506.
1118 3963 1153 4013 1.
1188 3966 1220 4013 6
1257 3963 1400 4014 hunc
1434 3979 1702 4014 cunonem
1736 3966 1919 4031 recepi
1955 3981 2023 4016 ex
2058 3965 2304 4031 Theogn.
2342 3967 2435 4030 66,
2475 3968 2540 4017 10
2574 3965 2760 4017 addito
2798 3981 2866 4015 ex
2903 3963 2981 4017 St.
3018 3965 3081 4014 Β.

499 4035 613 4094 381,
656 4035 720 4083 19
754 4030 1006 4096 Πρόνος,
1047 4047 1115 4083 ex
1149 4031 1360 4086 Herod.
1396 4031 1456 4082 in
1491 4033 1554 4082 Ε.
1590 4033 1664 4083 Μ.
1700 4035 1829 4096 239,
1865 4037 1899 4084 9
1941 4032 2110 4095 γόνος
2149 4040 2206 4084 et
2240 4032 2428 4096 γονός.
2633 4033 2669 4084 1.
2710 4035 2772 4083 12
2817 4048 3081 4083 canonem

499 4101 718 4167 explevi
754 4117 820 4151 ex
856 4101 1106 4166 Theogn.
1143 4102 1235 4163 66,
1276 4101 1339 4150 15
1382 4099 1452 4150 ad
1486 4098 1730 4165 Πρῶνος
1773 4100 1986 4153 addens
2030 4101 2196 4153 πόλις
2234 4100 2476 4168 Κρητική
2515 4105 2572 4151 et
2605 4101 2829 4153 nomina
2865 4101 3079 4151 ςτῶνος

499 4184 674 4302 ῗὲἒὲἓ
706 4169 792 4287 ξὲ,
818 4167 1319 4302 Ἒῖῗὶἕᾶλῇἓῖἑῖ
1344 4167 2351 4303 ¹3221⁴sszz3022a2¹⁰ffl3„53322332
2367 4167 2449 4289 εὲἓ
2482 4167 3081 4302 {ssfia'zfflffl‘ssfi

500 4308 685 4357 κῶνος
721 4288 886 4356 ὦνος.
1023 4306 1058 4355 1.
1098 4308 1159 4356 14
1195 4306 1263 4356 de
1300 4318 1336 4355 α
1363 4318 1461 4355 νος
1497 4309 1554 4354 et
1587 4302 1746 4357 αἰνός
1782 4306 1855 4357 ef.
1890 4275 1937 4356 1³⁷3
1981 4343 1993 4354 .
2034 4306 2120 4354 Cr.
2157 4306 2184 4355 1
2221 4308 2311 4368 72,
2348 4307 2407 4366 8,
2444 4306 2511 4356 Ε.
2546 4308 2621 4357 Μ.
2658 4309 2750 4368 35,
2789 4307 2881 4356 ὅδε
2918 4302 3079 4355 αἶνος

501 4375 590 4426 καὶ
624 4371 798 4425 αἰνός.
869 4371 1413 4437 προπεριςπώμενον
1452 4370 1554 4435 μὲν
1590 4371 1622 4424 ὁ
1660 4372 1891 4425 ἔπαινος
1951 4370 2065 4423 ἀπὸ
2100 4374 2206 4423 τοῦ
2254 4370 2416 4424 ἰαίνω
2451 4371 2630 4425 ἵαινος
2666 4374 2757 4425 καὶ
2794 4371 3079 4437 ἀφαιρέςει

500 4445 602 4494 τοῦ
643 4446 674 4494 ἶ
708 4440 871 4493 αἶνος
906 4439 986 4492 ὡς
1024 4439 1167 4507 ἰήῖος
1202 4439 1366 4506 ἤῖος).
1436 4439 1725 4493 ὀξυτόνως
1760 4441 1822 4493 δὲ
1860 4439 1892 4492 6
1937 4440 2180 4506 φοβερός
2223 4439 2260 4505 ἢ
2305 4441 2556 4506 πονηρός
2602 4441 2693 4494 καὶ
2730 4440 2926 4504 κακός,
2973 4437 3083 4503 ἀφ’

502 4525 569 4578 οὗ
605 4526 696 4580 καὶ
740 4525 811 4577 τὸ
847 4524 1116 4578 «αἰνόθεν
1161 4524 1376 4579 αἰνῶς»
1450 4525 1491 4577 Η
1530 4524 1648 4591 97),
1694 4522 1910 4588 γίνεται
1953 4523 2017 4576 δὲ
2059 4523 2211 4590 παρὰ
2252 4523 2322 4576 τὸ
2368 4524 2551 4577 δεινός
2596 4523 2851 4592 ἀποβολῇ
2898 4526 3001 4576 τοῦ
3049 4526 3080 4577 6

503 4595 591 4646 καὶ
634 4597 822 4660 τροπῇ
866 4596 970 4646 τοῦ
1018 4596 1050 4647 ἐ’
1095 4592 1174 4647 εἰς
1219 4599 1268 4647 ἃ.
1317 4623 1374 4634 -
1470 4593 1594 4646 ῑνος
1639 4593 1917 4659 proprium
1960 4609 2028 4645 ex
2074 4593 2152 4645 St.
2196 4595 2260 4645 B.
2307 4593 2524 4659 addidi,
2580 4593 2653 4645 acl
2700 4592 2968 4645 Κόλαινος
3013 4609 3082 4643 ex

502 4664 745 4730 Theogn.
792 4665 1025 4728 apposui
1070 4663 1249 4726 ὄνομα
1294 4662 1486 4729 κύριον
1539 4668 1705 4728 atque
1762 4677 1832 4712 ex
1877 4661 2068 4712 eodem
2119 4662 2342 4712 nomina
2384 4678 2559 4728 usqne
2607 4663 2677 4713 ad
2725 4659 3079 4724 Ἀρίςταινος.

502 4730 871 4796 Περίτταινος
917 4747 1014 4796 pro
1049 4730 1362 4795 Πέρταινος
1407 4748 1527 4783 eum
1560 4730 1698 4781 Lob.
1732 4728 1902 4779 Proll.
1938 4732 2036 4781 186
2070 4737 2182 4781 not.
2219 4732 2314 4793 2¹1,
2360 4732 2452 4781 eui
2496 4732 2664 4782 etiam
2700 4727 3081 4794 Μακαρίαινος

504 4806 818 4866 suspectum
854 4806 965 4857 est,
1009 4801 1272 4851 scribens.
1343 4798 1651 4864 Μάζαινος,
1698 4795 2004 4863 Δρύαινος,
2049 4795 2474 4862 Μελάγχλαινος
2509 4805 2640 4850 sunt
2686 4813 2754 4849 ex
2798 4797 2876 4847 st.
2914 4800 2978 4848 Β.
3015 4825 3081 4834 -—

503 4866 659 4920 οἶνος
695 4866 898 4918 Herod.
945 4868 1004 4916 in
1045 4867 1111 4918 11.
1147 4869 1239 4918 Pr.
1277 4865 1321 4918 Λ
1357 4871 1423 4920 72
1465 4869 1662 4919 latiore
1707 4880 1917 4916 canone
1962 4867 2364 4933 complectitur:
2411 4868 2563 4931 φιλεῖ
2608 4879 2735 4918 πως
2778 4863 2850 4916 τὰ
2894 4863 2973 4917 εἰς
3019 4868 3084 4918 οἳ

505 4933 766 5000 λήγοντα,
790 4932 1085 4997 διςύλλαβα
1121 4938 1400 5000 μονογενῆ
1435 4934 1553 4987 ἀπὸ
1589 4936 1692 4999 τῆς
1728 4937 1781 4987 ’ὀῑ
1816 4933 2126 4998 διφθόγγου
2169 4931 2454 4999 ἀρχόμενα
2500 4934 2853 5001 βαρύνεςθαι,
2902 4932 3079 4985 ὁπότε

574 5051 949 5090 nnnonunvs.
985 5036 1030 5085 Ι.
2598 5020 2675 5083 12
