3664 5546
1507 394 1927 446 PRAEFATIO.
2850 399 3014 448 omn

422 544 840 627 Herodiano,
885 546 1071 612 cuius
1121 549 1345 635 copias
1367 629 1382 644 .
1401 548 1555 614 licet
1608 551 1667 614 ei
1723 550 1987 636 saepius
2043 549 2465 633 adversetur,
2521 560 2741 616 tamen
2797 573 3016 638 asper·

422 656 616 713 natus
662 668 792 712 non
837 669 983 712 esse
1040 648 1333 730 videtur,
1391 672 1447 714 e.
1492 672 1555 736 g.
1614 650 1684 715 in
1727 651 1808 715 Ε.
1855 650 1948 716 Μ.
1993 651 2106 733 25,
2150 651 2230 715 47
2289 653 2677 739 scripturam
2733 653 3013 719 nominis

422 751 700 830 Ἀθλιβις
763 771 880 835 per
946 754 983 831 ἴ)
1050 752 1329 833 Ἀθριβις
1393 752 1684 817 eiusdem
1749 752 2093 817 Nicanoris
2160 753 2531 820 testimonio
2597 753 2819 835 fulcit,
2886 777 3015 840 quo

426 850 620 913 etiam
679 850 1044 937 Stephanus
1101 851 1208 916 vel
1253 852 1691 919 Herodianus.
1736 891 1819 901 ——
1866 878 1928 941 p.
1973 853 2131 934 486,
2175 854 2217 918 2
2271 855 2429 934 Οἴνη
2483 856 2672 921 πόλις
2721 857 3013 936 Ἄργους.

425 953 750 1019 Ἑκαταῖος
792 953 1090 1033 ἱςτοριῶν
1146 956 1400 1040 πρώτῳ.
1488 957 1563 1022 τὸ
1624 957 1879 1021 ἐθνικὸν
1936 956 2196 1022 Οἰναῖος
2252 956 2478 1022 Οἰναία
2532 957 2799 1023 Οἰναῖον
2854 955 3015 1021 haec

427 1063 582 1118 sunt
626 1053 1020 1134 Herodiani,
1066 1063 1208 1120 tum
1254 1054 1549 1121 additur:
1605 1055 1804 1136 Ὦρος
1860 1060 1932 1122 δὲ
1987 1057 2243 1137 Οἰνώην
2299 1058 2500 1138 αὐτήν
2546 1080 2770 1142 φηςιν,
2815 1059 2892 1140 ἦς
2936 1062 3014 1125 τὸ

426 1156 681 1221 ἐθνικόν
739 1156 1070 1237 Οἰνωάτης
1123 1159 1227 1224 καὶ
1280 1158 1558 1236 θηλυκὸν
1604 1157 1915 1224 Οἰνωᾶτις
1970 1162 2099 1224 κτλ.
2143 1196 2228 1205 -
2269 1180 2331 1245 p.
2377 1158 2532 1240 547,
2581 1161 2617 1225 7
2674 1160 3013 1227 Ῥοίτειον·

425 1257 630 1337 Ὦρος
670 1258 870 1338 ἄκραν
915 1257 1078 1325 εἷναί
1124 1280 1304 1342 φηςι,
1350 1269 1486 1324 tum
1535 1258 1892 1325 Herodiani
1938 1257 2288 1347 explicatio
2318 1261 2580 1325 nomine
2623 1257 2822 1327 tacito
2868 1284 3013 1348 pro-

425 1359 666 1425 fertur:
713 1362 817 1426 καὶ
859 1360 1046 1427 πόλις
1090 1361 1162 1426 δέ
1207 1361 1332 1427 ἐςτι
1376 1361 1700 1441 Τρωάδος.
1789 1361 1875 1426 cf.
1923 1371 2262 1449 praeterea
2303 1362 2619 1443 Ταίναρος
2665 1364 2916 1443 Χήςιον.

596 1459 1137 1547 Interpolatorem
1181 1460 1497 1547 Stephani
1555 1462 1878 1549 quaedam
1934 1463 2195 1527 nomina
2247 1475 2313 1528 et
2367 1463 2437 1527 in
2492 1464 2793 1528 lemmate
2848 1462 3015 1527 inse·

427 1561 642 1626 ruisse
687 1585 744 1625 e.
775 1584 841 1648 g.
889 1564 1161 1644 Χειμέρα
1205 1585 1288 1626 ex
1322 1563 1524 1644 Ἱμέρα
1566 1572 1981 1651 corruptum,
2027 1564 2387 1645 Ταρραχίνη
2433 1574 2499 1629 et
2542 1563 3012 1651 explicationes

425 1663 854 1750 interpolasse
909 1686 965 1728 e.
1012 1685 1077 1748 g.
1125 1665 1311 1731 (υκαί
1364 1666 1549 1731 πόλις
1593 1665 1853 1746 ἀντικρὺ
1907 1670 2018 1745 τῆς
2072 1667 2223 1732 νέας
2276 1666 2520 1747 Ῥώμης
2565 1666 3015 1752 (Herodianus

427 1765 780 1850 scripserat
825 1766 1196 1847 Βυζαντίου)
1246 1767 1314 1850 [ἡ
1358 1767 1505 1832 καθ’
1534 1767 1696 1847 ἡμᾶς
1740 1768 2185 1834 Ἰουςτινιανοῦ
2229 1767 2840 1851 προςαγορευθεῑςα]
2886 1764 3018 1831 alia

427 1866 686 1930 monuit
726 1865 1136 1950 Meinekius‚
1182 1888 1351 1954 quae
1394 1889 1498 1931 me
1543 1868 1841 1933 omisisse
1897 1868 2013 1933 vix
2067 1879 2200 1950 est,
2258 1867 2436 1954 quod
2481 1868 2715 1935 dicam.
2804 1867 3013 1933 Omisi

427 1977 768 2053 praeterea
841 1968 1104 2031 nomina
1167 1967 1430 2034 serioris
1496 1968 1760 2049 aetatis,
1829 1991 1998 2055 quae
2065 1968 2433 2056 Stephanus
2504 1969 2864 2058 Byzantius
2930 1991 3017 2034 ex

428 2068 896 2154 posterioribus
975 2069 1402 2154 scriptoribus
1480 2069 1726 2157 recepit
1789 2092 1847 2135 e.
1916 2092 1983 2156 g.
2048 2072 2293 2155 Δαραί,
2368 2072 2733 2158 Δεκέντιοι,
2809 2073 3014 2155 Γόθοι,

426 2170 715 2250 Φράγγοι
769 2191 935 2256 quae
989 2169 1334 2235 firmantur
1389 2170 1764 2238 testimonio
1809 2170 2149 2235 Parthenii
2206 2171 2666 2239 Phocaeensis.
2760 2173 2889 2238 Sed
2947 2175 3013 2238 in

426 2269 806 2336 omittendis
851 2272 1226 2338 nominibus
1273 2281 1461 2337 caute
1506 2273 1834 2357 agendum
1880 2294 2025 2336 esse
2069 2271 2560 2357 intellegebam,
2617 2296 2768 2339 nam
2819 2296 3015 2361 quae·

424 2375 578 2438 dam
644 2373 942 2458 nomina,
1012 2395 1178 2461 quae
1234 2374 1590 2439 serioribus
1657 2372 2160 2439 auctoritatibus
2226 2397 2267 2438 a
2324 2374 2654 2462 Stephano
2720 2397 3015 2461 compro-

422 2475 696 2556 bantur,
775 2473 1081 2540 videbam
1149 2474 1215 2539 in
1284 2473 1622 2539 Catholica
1686 2498 1792 2562 ap.
1861 2474 2223 2540 Arcadium
2290 2472 2547 2561 prolata
2612 2497 2756 2540 esse
2831 2498 2887 2541 e.
2945 2499 3009 2560 g.

427 2576 522 2641 St.
569 2576 648 2640 B.
693 2576 1064 2656 Ἕλουροι
1114 2575 1416 2642 (κυθικόν
1465 2577 1683 2660 ἔθνος,
1740 2577 1887 2656 περὶ
1930 2576 2024 2642 ὧν
2069 2578 2400 2644 Δέξιππος
2455 2577 2527 2643 ἐν
2572 2583 2892 2658 χρονικῶν
2938 2577 3014 2658 ιβ’

425 2687 648 2742 exstat
676 2699 781 2762 ap.
811 2677 967 2741 Arc.
997 2676 1097 2757 72,
1128 2675 1209 2742 27
1242 2679 1544 2758 Ἐλουροι
1573 2677 1842 2743 ἐθνικόν.
1867 2714 1950 2724 -
1975 2678 2260 2758 Νευροί
2293 2677 2480 2743 ἔθνος
2508 2681 2621 2757 τῆς
2645 2677 3011 2759 (αρματίας.

423 2782 773 2846 Διονύςιος
818 2781 888 2844 ἐν
932 2781 1292 2861 περιηγήςει
1335 2801 1442 2866 ap.
1489 2779 1646 2844 Arc.
1690 2777 1804 2859 69,
1851 2777 1954 2843 26.
2045 2777 2195 2843 Alia
2251 2778 2496 2843 diserta
2548 2788 2854 2845 accentus
2897 2802 3010 2845 no·

421 2883 675 2947 tatione
727 2891 802 2946 ut
867 2881 951 2946 ab
1007 2880 1386 2946 Herodiano
1448 2887 1806 2944 memorata
1871 2878 2237 2965 produntur
2302 2901 2358 2944 e.
2402 2902 2467 2965 g.
2527 2883 2565 2945 Γ
2577 2882 2763 2962 ηλύς
2819 2882 3010 2948 ἔθνος

422 2985 744 3067 Παρθίας,
789 2980 872 3047 οὗ
915 2984 1219 3063 μέμνηται
1263 2982 1526 3048 Ἀςίνιος
1575 2980 1984 3061 Κουάδρατος
2040 2981 2111 3047 ἐν
2166 2982 2405 3068 πρώτῳ
2447 2983 2806 3066 Περςικῶν,
2862 2982 3009 3050 ὀξύ-

424 3105 605 3152 νεται
649 3085 742 3151 δέ.
786 3120 854 3130 -
889 3084 958 3149 Ἀ
971 3090 1058 3164 βα
1077 3084 1298 3163 ςηνοί
1341 3083 1531 3148 ἔθνος
1577 3081 1883 3162 Ἀραβίας.
1942 3081 2261 3162 Οὐράνιος
2310 3083 2381 3149 ἐν
2423 3083 2770 3164 Ἀραβικῶν
2814 3085 3008 3167 τρίτῳ

420 3190 556 3254 κτλ.
645 3186 684 3250 ὁ
725 3187 929 3251 τύπος
985 3185 1136 3253 ὀξὺς
1191 3185 1293 3250 καὶ
1345 3184 1689 3264 ἐπιχώριος
1743 3186 1881 3248 τοῖς
1923 3183 2163 3264 Ἄραψι
2217 3187 2377 3268 κτλ.,
2432 3182 2561 3248 alia
2614 3183 2788 3271 apud
2845 3184 3008 3249 alios

420 3285 789 3352 Herodiani
820 3287 1279 3373 epitomatores
1309 3283 1759 3350 inveniuntur:
1810 3284 2185 3353 Μάννεως
2230 3286 2411 3366 χώρα
2454 3286 2604 3365 μέςη
2634 3290 2765 3352 τῶν
2806 3308 3007 3352 ποτα-

419 3396 596 3473 μῶν,
640 3390 712 3455 ἐν
754 3389 794 3475 ᾗ
840 3387 1120 3454 οἰκοῡςιν
1150 3389 1417 3468 Ἄραβες
1462 3388 1878 3469 Μαννεῶται,
1925 3386 2016 3453 ὡς
2061 3386 2380 3466 Οὐράνιος
2424 3386 2576 3468 φηςί
2618 3408 2723 3474 ap.
2773 3386 3006 3452 Ohoer.

417 3492 603 3556 Dict.
648 3490 749 3570 61,
795 3488 879 3554 32
922 3488 1218 3577 quamvis
1266 3486 1522 3552 diverso
1567 3494 1871 3568 accentu,
1921 3487 2245 3553 Ναϊςςός
2287 3487 2447 3552 urbs
2490 3509 2530 3551 a
2575 3486 3009 3554 Constantino

417 3591 688 3659 condita
730 3614 836 3678 ap.
882 3591 1179 3674 Theogn.
1224 3587 1524 3677 quamvis
1569 3597 1873 3673 corrupte
1916 3587 2163 3674 scripta
2204 3587 2380 3654 ἄϊςος
2424 3610 2488 3675 Ρ.
2535 3588 2637 3669 73,
2687 3589 2788 3671 17,
2832 3587 3007 3653 unde

418 3692 741 3761 concludo
796 3692 1026 3758 urbem
1080 3712 1121 3755 a
1165 3689 1597 3755 Constantino
1652 3697 2087 3753 restauratam
2158 3711 2325 3753 esse.
2422 3687 2775 3754 Praeterea
2827 3711 3004 3776 repe·

419 3797 674 3861 riebam
715 3793 945 3859 Uranii
989 3791 1310 3871 Arabica,
1354 3790 1438 3855 ad
1483 3811 1650 3877 quae
1695 3787 2065 3876 Stephanus
2110 3811 2307 3877 saepe
2349 3801 2696 3876 provocat,
2753 3789 3006 3854 nullum

419 3897 562 3962 fere
609 3917 843 3961 nomen
885 3893 1158 3975 habere,
1213 3891 1388 3979 quod
1431 3913 1561 3955 non
1604 3913 1710 3977 ap.
1754 3889 2200 3957 Ptolemaeum
2255 3891 2541 3976 legatur,
2598 3889 3005 3954 Marcianum

419 4008 640 4063 autem
693 3998 834 4060 fere
893 4003 1095 4060 totum
1169 4015 1252 4057 ex
1306 3991 1724 4058 Artemidoro
1779 3992 2065 4078 pendere
2135 4011 2264 4055 non
2328 3991 2732 4071 nesciebam,
2802 4013 3003 4076 quare

419 4109 624 4166 testes
668 4098 935 4185 quidem
979 4095 1216 4159 missos
1261 4092 1420 4174 feci,
1466 4093 1732 4159 nomina
1774 4104 1995 4160 autem
2050 4115 2271 4158 eorum
2327 4090 2701 4158 testimonio
2746 4090 3006 4155 firmata

419 4203 712 4288 recipere
755 4221 888 4266 non
930 4196 1254 4264 dubitavi.

591 4302 894 4386 Denique
948 4298 1108 4364 mihi
1176 4296 1753 4362 demonstrandum
1821 4305 1924 4360 est
1978 4295 2329 4380 scriptores
2397 4316 2437 4358 a
2490 4292 2817 4381 Stephano
2873 4293 3002 4379 By-

422 4403 639 4469 zantio
693 4404 929 4467 citatos
984 4399 1355 4489 maximam·
1394 4407 1645 4484 partem
1700 4418 1786 4460 ex
1840 4394 2203 4461 Herodiani
2255 4396 2649 4461 auctoritate
2701 4392 3002 4459 laudatos

424 4528 586 4571 esse.
677 4503 825 4568 Iam
881 4501 992 4567 diu
1048 4500 1239 4566 nobis
1291 4507 1518 4565 notum
1573 4505 1706 4576 est,
1764 4496 2086 4582 quomodo
2142 4496 2539 4583 posteriores
2595 4495 3005 4581 grammatici

422 4609 484 4673 in
526 4603 902 4694 expilandis
945 4601 1421 4688 antiquioribus
1466 4598 1736 4684 egerint.
1821 4596 2238 4662 Athenaeum
2283 4598 2484 4678 enim,
2542 4597 2651 4683 qui
2708 4593 2820 4657 diu
2864 4606 2999 4661 tan—

418 4733 609 4800 quam
659 4717 896 4775 vastae
939 4704 1324 4770 eruditionis
1371 4697 1705 4786 exemplar
1755 4697 2176 4764 admirationi
2229 4697 2387 4780 fuit,
2444 4695 2856 4781 Pamphilum
2908 4696 3007 4761 ita

414 4812 887 4900 exscripsisse,
941 4817 1014 4874 ut
1066 4806 1205 4873 eius
1265 4805 1469 4892 copiis
1522 4811 1831 4888 tanquam
1896 4800 2032 4866 suis
2102 4823 2171 4866 se
2226 4800 2498 4864 iactaret
2559 4797 2906 4883 scriptores
2963 4818 3004 4861 a

2581 4896 2606 4962 l

478 4946 884 4992 nnaonmvs.
917 4930 964 4981 1.
