3664 5546
738 369 866 434 514
1677 368 1759 423 ΕΙ(
1796 370 1937 425 ΤΩΝ
1982 368 2392 423 ΗΡΩΔΙΑΝΟΥ

740 542 811 603 δὲ
866 539 1302 621 αὐτάρκως,
1360 540 1674 604 εὐώδως
1728 546 1820 623 τῷ
1878 541 1992 616 μὲν
2051 539 2226 623 λόγῳ
2273 539 2863 621 περιςπαςθήςεται,
2920 538 3059 602 ἐπεὶ
3109 541 3204 602 καὶ
3249 540 3305 603 αἱ

736 642 979 715 γενικαὶ
1020 640 1265 723 αὐτῶν,
1296 640 1363 704 ’ὁ
1420 642 1492 704 δὲ
1538 640 1937 719 Ἀρίςταρχος
1993 641 2268 720 βαρύνει.
2356 641 2459 703 καὶ
2511 641 2628 718 τὴν
2682 640 3019 717 κακοήθων
3071 642 3306 718 γενικὴν

738 743 840 807 καὶ
883 742 1183 807 αὐθάδων
1242 743 1538 821 βαρύνειν
1594 744 2039 820 μεμελετήκαςι
2096 742 2515 823 παραλόγως,
2569 739 2670 804 αἶς
2724 740 3176 820 ςυμβαρύνουςι
3218 743 3307 804 καὶ

735 844 815 906 τά
861 843 1283 924 ἐπιρρήματα,
1340 843 1777 925 κακοήθως,
1821 842 2198 907 αὐθάδως.
2288 841 2326 906 ὁ
2373 844 2444 906 δὲ
2490 842 2896 921 Ἀρίςταρχος
2950 842 3053 905 καὶ
3093 843 3166 905 τὸ
3207 863 3306 905 νο-

674 954 707 1002 5
739 945 964 1009 ςώδων
999 944 1306 1025 ἐβάρυνεν
1344 930 1616 1019 ἀλόγως.
1683 946 1785 1009 καὶ
1828 944 1960 1008 ἀπὸ
1998 949 2322 1026 μετοχῶν,
2369 943 2774 1021 ἀγαπώντων
2818 942 3308 1023 ἀγαπώντως,

622 1041 647 1059 ’
735 1046 1192 1125 ἐπαρκούντων
1238 1046 1830 1128 ἐπαρκούντως,
1877 1045 2337 1124 προςηκόντων
2381 1044 2959 1123 προςηκόντως.
3032 1045 3202 1121 παρὰ
3240 1045 3310 1107 τὸ

734 1147 1015 1226 Ζάφελος
1071 1148 1727 1225 προπαροξυνόμενον
1784 1146 2032 1226 ὀφείλει
2088 1148 2192 1210 καὶ
2234 1148 2310 1211 τὸ
2355 1150 2716 1226 Ζαφελῶς
2762 1146 3074 1224 ἐπίρρημα
3135 1147 3309 1225 βαρύ-

734 1252 976 1330 νεςθαι,
1023 1246 1112 1311 ὡς
1157 1246 1288 1312 ἀπὸ
1333 1253 1450 1312 τοῦ
1496 1248 1723 1314 Ζάθεος
1766 1249 2036 1313 Ζαθέως·
2093 1248 2172 1312 οὐ
2229 1248 2352 1326 γάρ
2407 1248 2532 1311 ἐςτι
2586 1247 2763 1325 παρὰ
2806 1253 2898 1330 τῶ
2943 1252 3173 1328 ποιητῇ
3215 1251 3311 1311 Ζα-

734 1349 953 1428 φελής.
1042 1351 1462 1428 περιεςπάςθη
1509 1352 1579 1414 δὲ
1622 1352 1697 1413 τὸ
1742 1352 2068 1431 ζαφελῶς,
2132 1349 2270 1414 ἐπεὶ
2312 1350 2391 1413 τὰ
2436 1349 2542 1413 διὰ
2585 1351 2702 1412 τοῦ
2750 1334 2885 1412 λως
2934 1348 3313 1427 ἐπιρρήματα

638 1457 699 1508 10
734 1451 1233 1530 παραληγόμενα
1276 1458 1367 1535 τῶ
1412 1451 1444 1516 ἒ
1492 1451 1581 1516 ῶς
1625 1451 1727 1515 ἐπὶ
1770 1453 1846 1516 τὸ
1893 1453 2193 1516 πλεῑςτον
2238 1453 2417 1529 φιλεῖ
2459 1453 2901 1532 περιςπᾶςθαι,
2957 1450 3314 1530 ἐντελῶς,

732 1552 1120 1630 ἐπιμελῶς
1136 1601 1154 1633 ,
1199 1552 1535 1636 ἀμελῶς,
1583 1548 1681 1617 οἷς
1724 1553 1826 1615 καὶ
1856 1552 1932 1616 τό
1963 1554 2262 1631 ζαφελῶς
2308 1553 2739 1631 ςυνεξέδραμε.
2800 1550 3158 1630 πρόςκειται
3191 1548 3315 1614 «ῶς

733 1653 837 1716 ἐπὶ
878 1653 953 1717 τὸ
1001 1656 1345 1717 πλεῖςτον»
1392 1654 1498 1717 διὰ
1541 1655 1616 1717 τὸ
1673 1653 2207 1735 εὐτραπέλως,
2267 1653 2559 1718 ἰκέλως.
2647 1654 2721 1717 τὸ
2767 1653 3318 1730 νουνεχόντως

731 1753 862 1819 ἀπὸ
910 1754 1028 1818 δύο
1075 1755 1232 1817 κατὰ
1276 1753 1596 1818 διάςταςιν
1644 1754 1879 1820 λέξεων
1934 1756 2261 1837 παρήχθη,
2319 1757 2431 1831 τῆς
2487 1757 2647 1818 νοῦν
2705 1753 2805 1817 καὶ
2862 1755 2975 1830 τῆς
3019 1753 3316 1831 ἐχόντων.

730 1857 805 1920 τὸ
863 1856 1009 1920 ἕως
1064 1857 1167 1920 καὶ
1221 1853 1735 1920 ἀνταποδοτικὸν
1792 1856 1869 1919 τό
1924 1857 2115 1920 τέως
2171 1854 2565 1934 πρωτότυπά
2621 1854 2745 1918 ἐςτι
2790 1856 2893 1918 καὶ
2945 1855 3067 1933 οὐχ
3116 1855 3207 1918 ῶς
3247 1854 3322 1917 τὰ

636 1962 692 2011 ¹5
732 1958 928 2021 λοιπὰ
972 1960 1300 2034 παρῆκται.
1368 1957 1444 2020 τό
1490 1956 1589 2019 ὥς
1634 1956 1795 2035 παρ’
1839 1957 2096 2021 εὐθεῖαν
2140 1958 2372 2031 γε’γονε
2416 1956 2493 2019 τὸ
2539 1956 2640 2037 ὅς,
2687 1955 2838 2020 ὅθεν
2884 1957 2986 2020 καὶ
3031 1955 3320 2023 ὀξύνεται

731 2059 832 2121 καὶ
864 2058 1161 2135 ςυνετέθη
1207 2059 1473 2122 καθώς.
1530 2058 1737 2121 καὶτὸ
1785 2058 2036 2122 οὕτως
2081 2059 2185 2122 καὶ
2211 2058 2287 2121 τὸ
2333 2057 2584 2121 αὕτως
2626 2057 2980 2136 βαρύνεται.
3039 2056 3164 2120 οὐκ
3196 2054 3318 2119 ἔςτι

729 2160 801 2223 δὲ
843 2160 918 2224 τὸ
966 2160 1172 2223 οὕτως
1216 2157 1348 2223 ἀπὸ
1392 2161 1504 2236 τῆς
1549 2161 1830 2241 γενικῆς,
1888 2158 2030 2222 ἀλλ’
2088 2157 2220 2223 ἀπὸ
2265 2158 2513 2222 εὐθείας
2555 2159 2813 2234 γίνεται.
2903 2158 2956 2222 εἰ
3018 2159 3146 2235 γὰρ
3194 2156 3322 2222 ἀπὸ

726 2263 1012 2342 γενικῆς,
1067 2260 1349 2339 ὤφειλεν
1405 2258 1570 2324 εἶναι
1626 2259 1887 2324 τούτως.
1989 2260 2090 2324 καὶ
2156 2260 2264 2324 ὅτε
2330 2261 2445 2338 μὲν
2511 2260 2879 2339 ἐπιφέρεται
2946 2259 3324 2339 ςύμφωνον,

726 2361 1044 2440 ἐξέρχεται
1089 2362 1165 2425 τὸ
1209 2364 1258 2424 ἱ.
1334 2360 1441 2425 ὅτε
1488 2363 1558 2425 δὲ
1604 2363 1902 2442 φωνῆεν,
1949 2360 2334 2440 φυλάττεται
2378 2361 2453 2423 τὸ
2499 2363 2549 2423 E.
2624 2360 2750 2425 ἔςτι
2796 2362 2866 2424 δὲ
2912 2361 3124 2424 οὕτως
3172 2358 3328 2423 ἀνα-

626 2472 694 2518 20
732 2465 1101 2540 λογώτερον
1159 2465 1275 2525 τοῦ
1335 2461 1536 2525 οὕτω·
1613 2456 1830 2540 ἐπεῐδὴ
1887 2462 1965 2526 τά
2032 2461 2162 2527 ἀπὸ
2228 2467 2538 2540 τριγενῶν
2599 2459 2950 2540 ὀνομάτων
3015 2461 3331 2543 γινόμενα

727 2564 1068 2641 μεςότητος
1123 2562 1516 2642 ἐπιρρήματα
1571 2564 1660 2627 εἰς
1716 2585 1804 2627 ως
1864 2565 2080 2641 λήγειν
2136 2562 2412 2642 ὀφείλει·
2479 2562 2635 2626 ὅταν
2693 2565 2764 2626 δὲ
2819 2563 2899 2641 μὴ
2956 2565 3226 2639 τριγενῆ
3273 2561 3333 2644 ᾖ,

728 2664 816 2727 εἰς
871 2668 922 2726 ’ω
982 2664 1189 2745 λήγει,
1258 2664 1488 2728 κύκλος
1545 2664 1771 2748 κύκλῳ.
1862 2663 2099 2742 ἴδωμεν
2158 2663 2310 2747 οὖν,
2367 2663 2421 2727 εἰ
2475 2666 2670 2727 τοῦτο
2724 2664 3023 2741 τριγενές.
3133 2660 3335 2725 οὗτος

626 2760 659 2802 ”¹
726 2763 884 2843 αὕτη
940 2768 1152 2828 τοῦτο.
1242 2764 1454 2829 οὕτως
1510 2763 1634 2844 ἄρα
1686 2767 1761 2830 τὸ
1817 2764 2167 2843 ἀνάλογον.
2255 2765 2331 2829 τὸ
2392 2766 2464 2828 δὲ
2519 2763 2691 2829 οὕτω
2747 2764 2879 2829 ἀπὸ
2933 2767 3051 2828 τοῦ
3116 2764 3337 2829 οὕτως

724 2866 958 2942 γέγονε
1001 2864 1144 2930 κατ’
1188 2864 1525 2946 ἀποβολὴν
1569 2870 1686 2931 τοῦ
1731 2869 1780 2929 ἱ.

726 3155 885 3221 posui
920 3170 1062 3218 quae
1100 3154 1450 3204 Herodianus
1488 3154 1740 3204 docuisse
1777 3153 2056 3218 putandus
2094 3161 2180 3204 est
2222 3154 2422 3203 collato
2457 3153 2888 3215 10.A1.19,15
2925 3170 3080 3219 seqq.
3135 3160 3199 3206 et
3237 3159 3337 3205 Ar-

726 3222 884 3272 cadio
927 3224 1047 3282 136,
1087 3225 1147 3270 21
1192 3237 1340 3286 seqq.
1390 3222 1463 3271 ef.
1512 3221 1685 3271 Lehrs
1728 3220 1898 3269 Arist.
1935 3224 2034 3271 254
2080 3221 2548 3271 ed.11.Pa1-um
2594 3192 2849 3272 αοοιιτείιε
2899 3222 2966 3271 de
3011 3222 3102 3271 his
3143 3223 3217 3272 E.
3261 3223 3334 3270 M.

729 3292 851 3348 171,
899 3291 1017 3339 38:
1034 3288 1265 3352 τέςςαρά
1311 3285 1445 3339 εἰςιν
1489 3287 1840 3352 ἐπιρρήματα
1884 3286 2437 3352 παραλαμβανόμενα
2482 3287 2788 3352 βαρύτονα·
2845 3290 3334 3353 ςυμπεριςπᾶςθαι

725 3355 832 3420 γὰρ
869 3354 979 3407 ἔδει
1016 3359 1086 3420 τῇ
1123 3360 1317 3420 γενικῇ
1354 3358 1475 3406 τῶν
1512 3356 1940 3419 πληθυντικῶν,
1977 3353 2300 3420 αὐτάρκως,
2342 3354 2627 3418 αὐθάδως,
2668 3354 2959 3419 νοςώδως,
2997 3355 3336 3420 κακοήθως.

860 3422 895 3473 l.
935 3426 963 3474 7
1012 3440 1108 3488 pro
1155 3407 1392 3474 ὀείκνυςι
1441 3421 1503 3474 δὲ
1540 3421 1911 3486 Ἡρωδιανὸς,
1950 3420 2028 3473 ὡς
2074 3421 2161 3474 ὅτι
2198 3422 2342 3474 κατὰ
2387 3422 2767 3488 ςυνεκδρομὴν
2813 3426 2915 3474 τοῦ
2962 3422 3204 3487 ἀμελῶς
3245 3423 3338 3474 καὶ

724 3490 972 3542 ἐντελῶς
1008 3441 1382 3555 περιεςπάςθη
1420 3490 1489 3541 τὸ
1524 3491 1635 3553 Ζαφ
1640 3491 1785 3540 ελῶς
1831 3491 2096 3541 substitui
2132 3507 2275 3556 quae
2319 3491 2550 3556 praebet
2592 3490 2660 3544 11.
2697 3493 2785 3545 Pr.
2825 3491 2838 3542 Ι
2877 3494 2976 3541 516
3019 3492 3336 3556 Ζαφελῶςῖ

725 3557 803 3609 ώς
840 3559 1119 3622 χαλεπῶς.
1190 3556 1457 3621 παρέλκει
1494 3556 1554 3607 δὲ
1589 3555 1758 3608 πάλιν
1795 3557 1828 3620 ή
1870 3555 1977 3608 ἐπί.
2027 3555 2197 3622 ἐχρῆν
2233 3557 2320 3621 δέ,
2359 3556 2484 3609 ἐπεὶ
2522 3558 2672 3623 παρὰ
2704 3558 2775 3609 τὸ
2811 3556 3056 3623 Ζάφελος
3093 3558 3336 3622 γέγονε,

725 3625 815 3677 καί
852 3624 1113 3690 Ζαφέλως
1150 3623 1295 3686 ἡμᾶς
1331 3623 1709 3687 ἀνεγνωκέναι
1756 3624 2112 3688 βαρυτόνως,
2150 3626 2183 3688 ἢ
2223 3596 2320 3676 καί
2360 3624 2543 3676 ἐκεῖνο
2581 3625 2714 3676 κατ’
2758 3624 2892 3678 ὀξὺν
2929 3626 3339 3691 προφέρεςθαι

723 3692 915 3744 τόνον.
972 3691 1115 3743 ἀλλὰ
1153 3690 1375 3756 μήποτε
1411 3691 1479 3744 τὸ
1519 3691 1621 3755 μὲν
1656 3691 1899 3755 Ζάφελος
1938 3692 2423 3757 προπαροξύνεται
2459 3692 2616 3759 λόγῳ
2639 3693 2868 3758 -τούτῳ,
2907 3691 2985 3744 ὡς
3020 3693 3098 3744 τὰ
3142 3692 3233 3747 εἰς
3272 3698 3337 3749 ος

724 3774 977 3839 λήγοντα
1014 3773 1344 3839 ςυγκείμενα
1382 3775 1534 3840 παρὰ
1576 3777 1646 3827 τὸ
1682 3763 1747 3829 Ζᾶ
1784 3777 2300 3841 προπαροξύνεται,
2346 3774 2569 3842 Ζάθεος,
2615 3775 2871 3834 Ζάκοτος·
2919 3776 3114 3829 οὕτως
3155 3777 3338 3844 Ζάφε-

724 3861 837 3911 λος.
906 3859 975 3910 τὸ
1011 3858 1072 3911 δὲ
1108 3861 1368 3924 Ζαφελῶς
1406 3862 1762 3924 περιςπᾶται,
1800 3859 1923 3911 ἐπεὶ
1958 3859 2029 3911 τὰ
2066 3859 2155 3911 διὰ
2187 3864 2291 3911 τοο
2330 3862 2446 3912 λως
2484 3861 2600 3912 κτλ.
2630 3887 2696 3897 —
2727 3861 2867 3911 1.12
2905 3861 2972 3911 de
3010 3863 3336 3926 νουνεχόν-

723 3940 841 3978 τως
878 3928 946 3977 of
986 3928 1159 3993 Apoll.
1200 3928 1266 3978 de
1306 3930 1430 3978 adv.
1469 3929 1585 3988 587,
1628 3930 1704 3990 15,
1746 3899 1805 3977 ’a
1845 3929 1916 3976 M.
1954 3929 2073 3988 606,
2112 3932 2177 3978 35
2214 3941 2418 3992 νουνεχ
2420 3927 2606 3980 όντως
2641 3927 2752 3987 ὑφ’
2788 3927 2850 3978 ἓν
2895 3926 3338 3992 ἀναγνωςτέον.

725 3987 995 4046 πολλάκις
1031 3994 1137 4059 γὰρ
1173 3993 1288 4046 ἀπὸ
1325 3995 1425 4046 δύο
1461 3993 1783 4046 διεςτώτων
1830 3996 2020 4059 μερῶν
2063 3995 2167 4045 τοῦ
2215 3944 2418 4058 λόγουχ
2424 3993 2638 4058 γίνεται
2683 3995 2882 4062 ἑνότης
2927 3993 3054 4047 οἷον
3091 3995 3336 4061 Ἄρειος

724 4061 904 4125 πάγος
944 4060 1395 4129 Ἀρειοπαγίτης,
1436 4061 1548 4114 Νέα
1586 4061 1749 4113 πόλις
1777 4059 2156 4127 Νεαπολίτης·
2192 4062 2262 4114 τὸ
2288 4062 2431 4114 αὐτό
2457 4062 2757 4129 ταύτότης.
2804 4063 2961 4115 οὕτω
2988 4065 3141 4115 νοῦν
3171 4063 3334 4129 ἔχων

723 4130 994 4182 ςύνθετον
1030 4130 1435 4194 νουνεχόντως.
1457 4156 1524 4165 —-
1561 4129 1595 4178 l.
1625 4132 1688 4180 15
1725 4131 2140 4180 annotationem
2176 4131 2242 4180 de
2270 4129 2348 4181 ὡς
2386 4136 2443 4182 et
2475 4131 2664 4182 καθώς
2686 4132 2982 4197 praeposui
3008 4138 3338 4199 praecepto

724 4199 791 4247 de
827 4196 1034 4250 οὕτως.
1082 4224 1145 4234 -
1196 4199 1233 4252 l.
1272 4200 1471 4248 16-24
1508 4204 1723 4261 sumpta
1771 4204 1899 4248 sunt
1944 4213 2012 4247 ex
2047 4197 2346 4249 Herodian.
2396 4200 2452 4247 in
2497 4200 2562 4247 E.
2595 4200 2670 4251 M.
2705 4202 2829 4261 643,
2867 4203 2958 4261 33,
3008 4200 3156 4250 Cod.
3200 4201 3337 4250 Par.

720 4269 853 4316 2720
890 4266 945 4314 in
984 4267 1083 4314 An.
1121 4266 1295 4316 Paris.
1330 4266 1408 4315 IV
1447 4269 1509 4315 13
1547 4266 1762 4331 omi-sais
1798 4270 1925 4329 post
1960 4263 2182 4315 τούτως
2218 4266 2254 4318 l.
2297 4269 2358 4316 18
2395 4267 2582 4317 verbis
2616 4263 2677 4316 ἐκ
2711 4268 2815 4316 τοῦ
2855 4263 3036 4317 εἰπεῖν
3072 4267 3182 4318 καὶ
3221 4267 3336 4319 τὸν

719 4330 982 4395 τεχνικὸν
1018 4330 1130 4383 «τὸ
1166 4330 1228 4383 δὲ
1265 4330 1343 4384 ὡς
1380 4321 1666 4395 ὀξύνεται,
1712 4330 1835 4383 ἐπεὶ
1879 4330 1994 4383 ἀπὸ
2030 4333 2133 4382 τοῦ
2180 4331 2242 4383 ὅς
2276 4331 2514 4402 γέγονεν
2561 4331 2640 4384 ὡς
2685 4332 2756 4384 τὸ
2801 4333 2988 4385 οὕτως
3033 4332 3164 4385 ἀπὸ
3221 4337 3334 4384 τοῦ

719 4398 948 4452 οὗτος».
986 4426 1052 4435 -
1089 4402 1153 4449 In
1190 4402 1275 4464 Ep
1280 4401 1418 4450 ..Cr
1455 4401 1479 4449 1
1517 4404 1699 4460 307,1
1739 4399 1916 4449 altera
1954 4400 2122 4449 etiam
2159 4415 2327 4449 causa
2364 4400 2611 4450 additur.
2648 4400 2911 4466 δεύτερος
2947 4400 3008 4451 δὲ
3044 4401 3077 4452 ὁ
3120 4401 3337 4465 λόγος,

718 4467 811 4518 ὅτι
846 4466 917 4518 τὰ
954 4465 1031 4518 εἰς
1071 4483 1116 4518 ω
1156 4466 1403 4531 λήγοντα
1439 4437 1791 4531 ἐπιρρήματα
1826 4465 2105 4518 οὐδέποτε
2141 4466 2302 4530 φύςει
2338 4469 2521 4535 μακρᾷ
2557 4466 2979 4532 παραλήγονται
3016 4465 3155 4519 οἷον
3201 4468 3337 4520 ἄνω

719 4532 875 4585 κάτω
914 4533 1107 4599 πρόςω
1146 4534 1284 4598 ἔξω,
1322 4534 1490 4598 ἄφνω
1528 4535 1681 4598 πλὴν
1715 4537 1818 4585 τοῦ
1858 4532 2004 4585 εἴςω.
2058 4533 2243 4585 οὕτως
2279 4533 2388 4598 ἄρα
2430 4519 2508 4585 τὸ
2535 4535 2689 4587 οὕτω
2728 4535 2871 4587 κατὰ
2905 4534 3104 4587 πάθος.
3185 4539 3338 4588 Lob.

622 4613 633 4622 “
719 4603 806 4652 ΕΙ.
834 4603 888 4651 ΙΙ
913 4605 1012 4654 213
1039 4618 1188 4667 seqq.
1224 4609 1289 4652 ut
1323 4604 1408 4653 τῶ
1449 4618 1516 4652 ex
1550 4605 1664 4667 τῷ,
1702 4603 1737 4666 ἥ
1776 4618 1844 4652 ex
1880 4602 1914 4668 ᾖ
1954 4609 2075 4653 orta
2101 4604 2241 4665 sint,
2280 4603 2360 4654 sic
2392 4601 2549 4654 οὕτω
2586 4618 2654 4652 ex
2690 4603 2880 4669 τούτῳ
2907 4603 3170 4654 effictum
3199 4621 3336 4655 esse

722 4670 959 4720 coniicit.
994 4696 1061 4707 ·—
1096 4671 1180 4720 De
1217 4670 1498 4722 adverbiis
1533 4675 1588 4719 in
1627 4684 1706 4721 ως
1752 4670 1823 4720 cf.
1873 4672 2041 4720 etiam
2084 4669 2148 4720 11.
2184 4672 2274 4722 Pr.
2316 4668 2361 4721 Θ
2399 4674 2525 4721 3553
2573 4668 2852 4722 ἀνεκτῶς;
2902 4668 2980 4722 ὡς
3026 4668 3338 4736 ἀνδρικῶς

719 4734 1073 4801 Ἀρίςταρχος
1120 4741 1380 4804 περιςπᾷι·
1435 4736 1689 4788 λέλεκται
1741 4736 1802 4788 δὲ
1848 4735 1982 4800 ἡμῖν
2027 4737 2156 4801 περὶ
2199 4739 2302 4802 τῆς
2348 4736 2691 4803 προςῳόίας,
2738 4736 2918 4790 ὁπότε
2971 4737 3338 4803 διελάβομεν

720 4803 848 4866 περὶ
882 4805 986 4854 τοῦ
1021 4804 1097 4867 «ἦ
1137 4803 1205 4868 δὴ
1243 4790 1423 4867 λοίγια
1460 4805 1595 4900 ἔργα
1630 4804 1762 4856 τάδ’
1796 4804 2035 4869 eccam,
2075 4803 2272 4855 οὐκέτ’
2307 4803 2558 4857 ἀνεκτά»
2595 4806 2682 4869 (11.
2709 4805 2754 4858 Α
2791 4807 2932 4871 573).
3007 4806 3338 4858 Caeterum
