3664 5546
1182 273 1341 328 ΠΕΡΙ
1383 272 1775 327 ΚΑΘΟΛΙΚΗ(
1813 271 2239 327 ΠΡΟΕΩιΔΙΑΕ
2278 272 2353 325 ΙΒ.
2929 271 3057 336 319

387 522 396 529 „
636 444 730 508 Τὰ
786 443 876 509 εἰς
924 429 1011 521 XT]
1068 441 1411 523 διςύλλαβα
1461 444 1554 524 ,μή
1618 442 1802 521 κύρια
1865 441 2365 522 παραληγόμενα
2421 441 2757 525 διφθόγγῳ
2815 447 2894 526 τῇ
2950 442 3056 505 διὰ

465 549 581 610 τοῦ
638 548 676 608 ῦ
732 545 1055 628 ὀξύνεται,
1113 545 1387 627 βουλή,
1441 544 1630 622 εύλή
1686 544 1725 607 6
1779 544 2053 625 ςκώληξ,
2109 543 2307 622 αύλή
2358 543 2398 621 ἡ
2455 543 2720 608 ἔπαυλις
2775 543 3055 627 «χραύςῃ

464 647 579 725 μέν
621 646 687 710 τ’
739 646 939 723 αὐλῆς
994 645 1484 724 ὑπεράλμενον»
1541 642 1652 727 (Il.
1697 646 1741 710 Ε
1789 643 1956 727 138).
2046 626 2294 721 λέγὲται
2350 644 2453 710 καὶ
2507 644 2705 710 αὖλις.
2795 644 2911 710 εἰςὶ
2952 645 3055 709 καὶ

461 747 705 812 Αὐλαί
749 747 1031 813 ἐπίνειον
1080 746 1343 812 Κιλίκων
1399 747 1627 826 μεταξὺ
1656 746 1911 825 Ταρςοῦ
1954 747 2057 811 καὶ
2099 746 2449 826 Ἀγχιάλης.
2529 746 2680 812 εἰςὶν
2709 745 2907 810 Αύλαί
2952 745 3056 810 καὶ

461 848 690 913 Λυκίας
734 848 991 927 χωρίον.
1060 848 1256 926 οὐλή
1299 848 1375 912 τὸ
1422 849 1771 926 μονογενές
1817 847 2064 926 «οὐλὴν
2110 848 2225 926 μὲν
2255 852 2559 926 πρῶτοντ
2607 845 2760 929 (od.
2796 869 2850 911 ω
2879 834 3051 927 331).
3080 859 3114 909 5

461 950 538 1014 τὸ
590 951 714 1028 γὰρ
773 948 972 1014 οὖλος
1009 948 1219 1027 ,οὔλη
1276 948 1613 1031 βαρύνεται
1657 949 1706 1014 -6
1752 948 2047 1028 ὀλέθριος
2090 949 2194 1013 καὶ
2249 947 2287 1012 6
2345 949 2759 1028 οὐλότριχος·
2824 948 2926 1012 καὶ
2976 949 3053 1012 τὸ

465 1050 690 1134 «ἑτέρῃ
736 1050 792 1115 δ’
835 1050 983 1129 ἔχεν
1030 1049 1269 1115 οὔλας»
1316 1048 1468 1132 (od.
1510 1070 1551 1126 γ
1593 1050 1783 1133 441),
1829 1051 2000 1126 λέγω
2045 1051 2117 1115 δὲ
2161 1049 2269 1115 ἐπὶ
2309 1054 2441 1116 τῶν
2487 1054 2720 1129 κριθῶν
2764 1048 2915 1116 ἴςως
2956 1053 3052 1128 βε-

463 1152 884 1232 βαρυτόνηται
929 1153 1278 1232 μονογενὲς
1321 1151 1401 1216 ὂν
1443 1154 1608 1231 πρὸς
1652 1154 2005 1233 μονογενὲς
2050 1150 2445 1231 ὀξυνόμενον
2488 1152 2565 1216 τὸ
2611 1150 2792 1229 οὐλή.
2859 1150 2937 1216 τὸ
2982 1151 3054 1215 δὲ

464 1252 726 1331 Θούλη
778 1256 969 1330 νῆςος
1024 1253 1264 1332 μεγάλη
1321 1253 1391 1319 ἐν
1423 1259 1528 1337 -τῷ
1573 1253 1839 1339 ὠκεανῷ
1885 1255 2014 1320 ὑπὸ
2063 1255 2143 1318 τὰ
2187 1253 2607 1333 Ὑπερβόρεια
2650 1252 2838 1334 μέρη,
2897 1248 3055 1316 ἔνθα

462 1337 579 1434 τῆν
633 1355 891 1433 θερινὴν
945 1353 1187 1434 ἡμέραν
1244 1354 1437 1433 ὡρῶν
1492 1353 1726 1421 εἴκοςιν
1784 1355 1822 1420 6
1878 1354 2060 1432 ἥλιος
2114 1355 2487 1435 ἰςημερινῶν
2543 1356 2747 1436 ποιεῖ,
2808 1354 2925 1432 τὴν
2981 1354 3053 1418 δὲ
3092 1365 3157 1417 10

463 1457 662 1521 νύκτα
691 1455 1041 1538 τεςςάρων,
1086 1456 1199 1521 τὰς
1229 1458 1300 1521 δέ
1331 1457 1687 1537 χειμερινὰς
1714 1457 2102 1523 τούναντίον
2129 1492 2216 1505 -
2245 1456 2499 1538 κύριον,
2543 1455 2647 1520 καὶ
2688 1455 2764 1519 τὸ
2809 1455 3053 1533 δούλη

462 1557 761 1636 τριγενές.

634 1658 728 1722 Τὰ
781 1657 871 1724 εἰς
926 1644 1006 1738 λη
1051 1658 1395 1739 διςύλλαβα
1436 1659 1936 1739 παραληγόμενα
1965 1666 2042 1744 τῇ
2086 1663 2141 1725 “ε“ι
2183 1659 2223 1737 ἢ
2267 1665 2359 1743 τῷ
2392 1662 2425 1721 ἶ
2472 1659 2839 1740 βαρύνεται,
2884 1655 3052 1737 εἴλη

462 1759 502 1837 ἡ
547 1759 845 1839 θερμαςία
896 1760 1055 1823 κατὰ
1108 1762 1515 1840 πλεοναςμόν
1559 1765 1676 1825 τοῦ
1718 1763 1752 1823 ἶ
1795 1762 1970 1840 παρὰ
2022 1762 2098 1825 τὸ
2145 1761 2289 1843 ἕλη,
2346 1760 2594 1842 δείλη,
2651 1759 2690 1822 ὃ
2747 1758 3054 1837 ἐτυμολο-

465 1863 668 1936 γεῖται
698 1861 873 1939 παρὰ
902 1861 978 1925 τὸ
1010 1860 1221 1926 ἐνδεῖν
1264 1868 1340 1945 τῇ
1385 1862 1498 1944 ἕλῃ
1544 1863 1747 1940 δεέλη.
1812 1863 1890 1927 τὸ
1921 1865 1994 1927 δὲ
2037 1863 2256 1940 δειλή
2299 1861 2599 1940 τριγενές.
2655 1860 3054 1940 ςεςημείωται
3096 1874 3157 1924 15

465 1963 542 2027 τὸ
588 1963 811 2043 ςμιλή
855 1963 933 2028 τὸ
978 1963 1221 2041 ςμιλίον
1265 1962 1679 2043 ὀξυνόμενον.
2722 1992 2749 2013 x

639 2092 674 2128 ιι
723 2065 816 2129 Τὰ
859 2063 948 2129 εἰς
983 2052 1072 2144 ’λῆ
1114 2065 1398 2143 λήγοντα
1440 2066 1682 2144 θηλυκὰ
1711 2067 2036 2146 μονογενῆ
2066 2071 2158 2149 τῷ
2190 2069 2227 2129 ῡ
2257 2064 2756 2145 παραληγόμενα
2791 2064 3054 2144 βαρύνε-

465 2171 601 2231 ςθαι
647 2167 844 2231 θέλει·
887 2165 974 2232 τύ
995 2168 1031 2230 λ
1056 2186 1126 2247 η,
1171 2165 1333 2244 ὅπερ
1379 2166 1651 2249 ςύνηθες,
1671 2166 1975 2231 Ἀττικοῖς
2003 2166 2373 2246 κνέφαλλον
2404 2169 2652 2249 καλεῖν,
2696 2164 3054 2247 ὁμωνύμως

466 2274 557 2351 τῷ
602 2267 1042 2351 περιεχομένῳ
1085 2268 1203 2346 τὴν
1246 2268 1684 2347 περιέχουςαν.
1768 2268 2229 2348 Ἀριςτοφάνης
2273 2268 2637 2351 Ἀμφιάρεῳ

870 2368 973 2432 καὶ
1019 2370 1099 2446 νὴ
1146 2367 1262 2431 Δι’
1306 2368 1376 2432 ἐκ
1416 2373 1534 2434 τοῦ
1579 2370 1902 2450 δωματίου
1944 2389 2018 2445 γε
2062 2375 2197 2451 νῷν
2242 2370 2404 2450 φέρε
3089 2381 3158 2430 20

810 2501 819 2509 ·
875 2468 1246 2549 κνέφαλλον
1291 2468 1419 2549 ἅμα
1461 2471 1565 2535 καὶ
1605 2470 2128 2550 προςκεφάλαιον
2173 2474 2303 2535 τῶν
2350 2471 2564 2536 λινῶν.
2674 2500 2683 2505 ·

468 2569 804 2649 ὠνομάςθη
850 2569 922 2633 δὲ
965 2567 1096 2632 ἀπὸ
1141 2573 1258 2633 τοῦ
1304 2571 1591 2654 κνάφου,
1647 2571 1782 2649 ἥτις
1827 2571 2108 2650 ςημαίνει
2152 2570 2491 2651 ἀκανθώδη
2536 2570 2729 2654 ὕλην,
2783 2571 2823 2654 ᾖ
2878 2591 3053 2650 περι-

467 2670 900 2735 πεταννύντες
931 2669 1047 2734 τὰς
1091 2669 1350 2747 ἐςθῆτας
1396 2670 1718 2751 ἐξέθλιβον
1761 2673 1839 2738 τὸ
1882 2673 2249 2739 πλεονάζον
2292 2677 2410 2738 τοῦ
2453 2673 2600 2750 περὶ
2639 2673 2755 2738 τὰς
2795 2672 3056 2751 ἐςθῆτας

466 2775 661 2854 χνοῦ,
721 2770 774 2854 ᾧ
831 2771 935 2835 καὶ
986 2772 1151 2850 πρὸς
1204 2771 1318 2836 τὰς
1369 2773 1565 2839 τύλας
1618 2772 1936 2858 ἐχρῶντο,
1992 2773 2204 2854 ὥςπερ
2259 2776 2362 2839 καὶ
2413 2779 2549 2841 νῦν.
2636 2775 2938 2856 μέμνηται
2983 2775 3055 2840 δὲ

469 2874 669 2938 αὐτοῦ
712 2876 831 2938 τοῦ
876 2873 1356 2953 ἐμβαλλομένου
1399 2875 1680 2941 Πλάτων
1725 2874 1764 2940 6
1811 2877 2084 2954 κωμικὸς
2127 2875 2198 2942 ἐν
2241 2877 2616 2961 Πειςάνδρῳ
3088 2888 3155 2939 25

1001 2974 1213 3053 ὥςπερ
1258 2977 1643 3057 κνεφάλλων
1687 2977 1727 3056 ἢ
1771 2977 2016 3042 πτίλων
2052 2978 2457 3057 ςεςαγμένος.

465 3076 626 3141 ὥςτε
671 3077 773 3140 καὶ
817 3074 1123 3142 ἀντίθεςις
1165 3077 1423 3155 ἐγένετο
1466 3082 1585 3144 τοῦ
1629 3082 1671 3142 ἆ
1715 3077 1804 3154 εἰς
1847 3080 1909 3142 ἒ·
1965 3078 2104 3143 ἐπεὶ
2146 3080 2321 3158 παρὰ
2364 3079 2440 3143 τὸ
2485 3078 2733 3159 κνάφος
2776 3078 3050 3156 ἐγένετο.

466 3177 579 3242 εἱςὶ
622 3177 838 3256 μέντοι
884 3178 950 3241 οἳ
993 3180 1096 3242 καὶ
1137 3179 1242 3243 διὰ
1286 3182 1403 3244 τοῦ
1433 3182 1473 3255 i·
1500 3180 1879 3261 γράφουςιν.
1946 3179 2019 3246 ἔν
2049 3201 2205 3246 τιςιν
2234 3180 2305 3247 ἐν
2338 3181 2709 3246 Μαλθακοῖς
2742 3180 3053 3260 Κρατίνου

464 3277 876 3358 παρεφύλαξε
922 3278 1268 3359 (Σύμμαχος.

636 3603 672 3652 l.
708 3605 739 3652 2
783 3600 930 3680 αὐλή
976 3605 1206 3667 apposui
1254 3620 1321 3655 ex
1355 3604 1419 3655 Il.
1458 3606 1546 3656 Pr.
1585 3605 1629 3658 Τ
1666 3608 1758 3657 26:
1806 3604 2000 3659 εύλάςε
2047 3605 2128 3660 ὡς
2163 3604 2353 3658 αὐλάς.
2425 3603 2564 3669 εὺλή
2611 3606 2717 3671 γὰρ
2763 3604 2843 3657 ὡς
2889 3603 3052 3670 αὐλή.

465 3686 538 3738 τὰ
580 3685 687 3751 γὰρ
732 3686 811 3738 εἰς
866 3688 937 3751 λη
983 3684 1235 3750 λήγοντα
1279 3689 1495 3753 θηλυκὰ
1549 3693 1858 3757 μονογενῆ,
1905 3690 2197 3760 διφθόγγῳ
2243 3689 2713 3756 παραληγόμενα,
2762 3688 3052 3742 ὀξύνεςθαι

466 3755 645 3819 θέλει,
693 3752 743 3805 εἰ
780 3753 854 3818 μὴ
901 3754 1017 3818 ἔχοι
1063 3753 1287 3806 ἔννοιαν
1333 3755 1663 3810 ςυνθέςεως’
1702 3757 1926 3823 «οὐλὴν
1975 3759 2078 3822 μὲν
2120 3762 2399 3825 πρῶτον»
2436 3760 2561 3822 (Od.
2598 3772 2646 3809 ω
2684 3758 2836 3823 331),
2883 3756 3050 3822 αὐλή,

465 3820 699 3886 ἀπειλή,
739 3821 962 3887 ώτειλή.
1035 3820 1223 3874 οὕτως
1260 3824 1351 3875 καὶ
1388 3823 1541 3889 εὐλή.
1588 3825 1659 3877 τὸ
1696 3826 1890 3890 μέντοι
1925 3826 2134 3895 «ἑτέρη
2171 3827 2231 3880 δ’
2266 3827 2394 3891 ἔχεν
2430 3826 2644 3880 οὔλας»
2683 3824 2813 3888 (od.
2835 3839 2872 3887 γ
2906 3828 3051 3888 441),

466 3888 617 3951 λέγω
653 3889 714 3941 δὲ
751 3888 845 3941 ἐπὶ
879 3891 1001 3940 τῶν
1038 3891 1273 3954 κριθῶν,
1311 3889 1445 3944 ἴςως
1483 3893 1924 3959 βεβαρυτόνηται
1962 3895 2265 3959 μονογενὲς
2302 3895 2371 3946 ὂν
2407 3895 2550 3960 πρὸς
2589 3891 2893 3957 μονογενὲς
2929 3891 3053 3944 ὀξυ-

465 3955 708 4020 νόμενον
754 3956 823 4007 τὸ
868 3955 1027 4022 οὐλή.
1098 3956 1414 4025 προςέθηκα
1462 3959 1523 4013 δὲ
1559 3959 1651 4013 «εἰ
1686 3962 1761 4027 μὴ
1807 3962 1925 4026 ἔχοι
1978 3962 2202 4015 ἔννοιαν
2247 3961 2601 4015 ςυνθέςεως»
2646 3959 2735 4011 διὰ
2778 3958 2849 4010 τὸ
2894 3956 3051 4023 δείλη

466 4025 872 4089 βαρυνόμενον·
912 4023 1334 4088 ἐτυμολογεῑται
1370 4028 1476 4094 γὰρ
1522 4028 1674 4094 παρὰ
1717 4028 1787 4080 τὸ
1832 4028 2015 4081 ἐνδεῖν
2049 4034 2121 4096 τῇ
2169 4030 2268 4096 ἕλῃ
2315 4029 2497 4095 δεέλη.
2568 4030 2717 4079 Hinc
2750 4026 2941 4077 addidi
2978 4027 3053 4076 ad

464 4091 607 4156 οὔλη
643 4092 814 4143 verba
847 4091 918 4143 τὸ
954 4091 1015 4143 δὲ
1050 4091 1257 4158 «ἑτέρῃ
1295 4120 1359 4130 -
1397 4094 1741 4159 ὀξυνόμενον
1776 4096 1848 4148 τὸ
1884 4096 2042 4161 οὐλή.
2114 4098 2186 4148 cf.
2223 4100 2325 4164 Ep.
2364 4098 2452 4149 Cr.
2490 4100 2518 4149 1
2553 4099 2670 4159 817,
2706 4097 2736 4146 ’7
2776 4099 2834 4144 et
2870 4093 2959 4144 Cr.
2994 4094 3052 4144 11
3083 4114 3087 4117 >

462 4162 591 4223 461,
633 4161 718 4209 16:
756 4158 943 4224 «οὔλη
989 4158 1049 4211 δ’
1084 4158 1396 4225 ἐπενήνοθε
1433 4161 1653 4229 λάχνη»
1690 4163 1757 4228 (Κ
1795 4162 1919 4228 134)
1977 4163 2164 4216 Νικίας
2209 4164 2394 4217 ὀξύνει
2439 4161 2650 4228 ὁμοίως
2694 4164 2779 4228 τῷ
2828 4157 3051 4224 «οὐλὴν

466 4225 569 4289 μὲν
612 4228 847 4291 πρῶτον
891 4226 1061 4291 τήνδ’
1097 4225 1379 4293 ἐφράςατο
1424 4229 1837 4294 ὀφθαλμοῖςιν»
1884 4231 2016 4296 (Od.
2056 4246 2104 4282 ω
2140 4230 2294 4296 331),
2341 4230 2395 4284 οἱ
2430 4231 2489 4283 6²
2523 4229 2684 4282 ἄλλοι
2720 4227 3052 4293 βαρύνουςιν

467 4293 545 4346 ὡς
578 4293 772 4360 κούρη.
842 4292 1031 4346 οὕτως
1076 4295 1183 4359 γὰρ
1228 4298 1376 4361 κτλ.,
1423 4314 1565 4364 quae
1612 4305 1837 4349 exstant
1877 4300 1937 4348 in
1981 4299 2048 4349 11.
2082 4302 2176 4355 Pr.
2227 4297 2265 4351 Κ
2304 4302 2416 4351 134.
2476 4299 2548 4352 of.
2585 4300 2651 4350 Ε.
2688 4298 2762 4350 Μ.
2800 4299 2926 4359 392,
2962 4298 3050 4358 48,

467 4361 661 4413 Choer.
696 4363 872 4428 Epim.
911 4364 968 4413 in
1003 4362 1203 4414 Psalm.
1243 4365 1324 4427 16,
1362 4367 1412 4416 ’7.
1449 4392 1515 4401 -
1551 4366 1843 4417 Caeterum
1881 4363 2028 4430 αὐλή
2075 4365 2296 4433 explevi
2342 4382 2410 4417 ex
2448 4367 2529 4420 St.
2566 4368 2631 4417 B.
2674 4373 2734 4415 et
2769 4360 2945 4416 Αὐλαί
2983 4379 3052 4414 ex

467 4429 658 4505 godam
693 4447 765 4496 ap
808 4432 945 4483 osui.
1016 4428 1207 4496 Θούλη
1246 4432 1466 4498 explevi
1505 4449 1571 4514 px
1608 4434 1691 4486 St.
1725 4435 1789 4484 B.
1962 4433 1997 4484 1.
2039 4437 2103 4485 14
2148 4434 2340 4515 adqidi
2374 4433 2518 4514 κατά
2553 4430 2910 4513 πλεοναςμὸν
2932 4432 3049 4510 ,τοῦ

466 4496 687 4616 hug—{d
694 4512 754 4617 1?
769 4582 813 4616 c.
829 4496 1180 4617 ἕιξιὲιιῗίχοιὲῖι
1197 4499 1852 4635 Ῑῐξοῑόιοῗιιῖἰεῖιοῖξιῖἷὲξῗκτ
1874 4506 2119 4636 ‹fxsgl'exgt
2134 4502 2607 4632 eguitispssfffxgts
2622 4505 2743 4619 cuussn
2757 4500 3050 4633 ⁸3:356qu

468 4638 670 4697 gruunt
716 4633 803 4684 Cr.
837 4635 939 4684 An.
977 4632 1015 4684 1.
1052 4651 1096 4686 c.
1168 4634 1330 4698 ςμιλή
1377 4652 1476 4701 pro
1522 4634 1717 4702 ςμειλή
1762 4637 1962 4703 scripsi
2006 4653 2073 4686 ex
2116 4635 2360 4702 Theogn.
2402 4640 2524 4702 110,
2562 4638 2657 4699 33,
2704 4636 2798 4701 qui
2844 4634 3050 4710 ὤεα-[τε

468 4716 630 4781 ςμιλή
666 4717 756 4769 διὰ
789 4720 904 4788 τοί)Ι
931 4719 983 4780 ἶ,
1022 4724 1080 4768 et
1116 4719 1311 4770 Choer.
1351 4720 1510 4775 Orth.
1544 4724 1661 4784 259,
1698 4722 1780 4774 28.
1922 4721 1957 4770 l.
1998 4724 2058 4771 17
2096 4737 2360 4772 canonem
2398 4722 2465 4772 de
2502 4719 2814 4771 nominibus
2849 4719 2909 4768 in
2943 4719 3050 4785 υλη
