3664 5546
572 355 699 419 362
1510 351 1592 405 εκ
1627 350 1768 403 mu
1811 349 2220 404 ΗΡΩΔιΑΝοΥ

571 525 643 589 ἐν
705 521 1125 605 ἑκκαιδεκάτῳ
1196 525 1315 587 τοῦ
1380 522 1670 599 Τρωϊκοῦ
1737 520 2097 600 διακόςμου.
2203 519 2649 598 τραπέζιον.
2736 518 3160 598 Ὑρνήθιον

571 627 810 706 χωρίον
865 625 936 690 έν
982 623 1337 707 Ἐπιδαύρῳ
1394 623 1525 696 ἀπὸ
1570 623 1925 702 Ὑρνηθοῦς
1979 625 2091 700 τῆς
2136 621 2430 701 Τημένου
2487 621 2817 699 θυγατρός.
2905 622 3161 686 Παυςα-

571 729 709 792 νίας
754 727 1035 810 δευτέρῳ
1079 726 1510 804 περιηγήςεως
1554 725 1637 806 (0.
1682 722 1796 804 28,
1845 723 1972 805 30).
2546 781 2561 786 -

739 857 776 891 ιι
821 830 951 893 ’Ἑτι
1004 827 1084 892 τὰ
1138 827 1225 891 εἰς
1281 830 1386 890 1‘0V
1441 826 1986 905 ύπερτριςύλλαβα
2040 830 2075 889 ἴ(
2119 825 2624 904 παραληγόμενα
2675 826 3160 904 προπαροξύνε-

510 940 704 1013 5ται,
761 929 1169 1009 περδίκιον
1224 928 1328 992 καὶ
1369 928 1748 1006 Περδίκια
1803 929 1984 1008 χώρα
2036 923 2139 993 καὶ
2193 919 2376 1007 λιμὴν
2422 926 2664 992 Λυκίας.
2754 927 3160 1017 πινάκιον,

572 1032 1016 1112 πιττάκιον,
1057 1029 1510 1111 θρινάκιον,
1556 1030 2027 1111 δελφάκιον,
2085 1029 2542 1111 ςκυλάκιον,
2603 1029 2998 1107 Ναρύκιον
3041 1029 3160 1092 πό-

573 1137 667 1198 λις
710 1133 1051 1213 Λοκρίδος,
1095 1132 1134 1209 ἢ
1181 1131 1282 1194 καὶ
1329 1131 1538 1209 Νᾶρυξ
1586 1131 1850 1207 λέγεται.
1940 1131 2375 1210 Βρυςάκιον
2432 1131 2619 1195 πόλις
2664 1133 2776 1206 τῆς
2817 1130 3158 1208 Παρθίνης.

572 1234 1003 1313 (τυράκιον
1057 1233 1214 1311 ὄρος
1274 1232 1528 1311 Κρήτης.
1615 1232 2065 1311 Φαρνάκιον
2118 1231 2306 1297 πόλις
2360 1230 2672 1312 Φρυγίας,
2730 1231 2821 1296 ὡς
2873 1231 3159 1296 Ἀλέξαν-

574 1340 730 1414 δρος
773 1336 920 1414 περὶ
964 1333 1244 1413 Φρυγίας
1287 1335 1495 1417 τρίτῳ.

473 1443 538 1496 10
741 1463 778 1497 ιι
825 1436 921 1499 Τὰ
965 1436 1070 1499 διὰ
1123 1438 1241 1498 τοῦ
1287 1438 1428 1500 λιον
1485 1435 1645 1514 ὑπερ
1699 1437 1868 1514 τρεῖς
1923 1436 2236 1516 ςυλλαβὰς
2291 1434 2881 1517 προπαροξύνεται,
2938 1433 3158 1514 Ὁμό-

576 1541 748 1602 λιον
794 1537 980 1601 πόλις
1026 1536 1426 1601 Μακεδονίας
1471 1557 1572 1600 και
1618 1536 1997 1615 Μαγνηςίας.
2058 1537 2356 1618 (τράβων
2401 1538 2637 1621 ἑβδόμῃ
2682 1537 2774 1621 (p.
2806 1534 2976 1617 443).
3022 1556 3160 1614 πη-.

575 1638 885 1720 δάλιον,
931 1638 1370 1719 κειμήλιον,
1417 1639 1848 1716 κανθήλιον
1893 1638 1970 1703 τὸ
2016 1637 2122 1701 ἐπὶ
2163 1639 2540 1722 τῇ·πρύμνῃ
2571 1638 2917 1717 ἐπικαμπὲς
2947 1637 3159 1704 ξύλον.

574 1740 911 1804 ἑδώλιον
958 1740 1032 1804 τὸ
1078 1739 1336 1819 βάθρον
1361 1742 1472 1815 τῆς
1517 1741 1714 1822 νεώς,
1761 1740 1875 1819 ἐφ’
1920 1741 1957 1804 ὃ
2003 1739 2372 1806 καθέζονται
2419 1740 2482 1804 οἱ
2525 1740 2909 1819 ἐρέςςοντες.
2983 1759 3160 1817 τρα-

573 1840 889 1923 γάλιον,
959 1840 1476 1922 οἰνοπώλιον,
1546 1839 2073 1918 ἀρτοπώλιον.
2187 1842 2589 1920 Βαργύλια
2656 1841 2844 1905 πόλις
2915 1840 3159 1922 Καρίας,

472 1950 531 2001 15
569 1943 646 2018 ἣν
690 1941 1011 2007 Ἄνδανον
1059 1940 1122 2005 οἱ
1170 1941 1365 2019 Κᾶρές
1409 1962 1630 2023 φαςιν,
1676 1941 2014 2020 Ἀχιλλέως
2059 1942 2273 2023 κτίςμα
2316 1943 2634 2018 λέγοντες.
2703 1942 3039 2022 ὠνομάςθη
3070 1929 3156 2006 ’δὲ

569 2042 700 2108 ἀπὸ
757 2043 1122 2126 Βαργύλου,
1179 2044 1252 2107 ὃς
1305 2036 1568 2121 πληγεὶς
1623 2043 1752 2108 ὑπὸ
1804 2044 2113 2122 Πηγάςου
2170 2047 2464 2127 τελευτᾷ,
2522 2044 3049 2124 Βελλεροφόντης
3101 2044 3156 2106 δ’

569 2143 849 2208 ἀνιαθεὶς
911 2143 1016 2207 ἐπὶ
1078 2150 1170 2226 τῷ
1234 2144 1463 2228 ἑταίρῳ
1533 2143 1730 2209 ἔκτιςε
1800 2145 2137 2223 Βαργύλια.
2226 2145 2590 2218 Ἰδάλιον,
2625 2145 2811 2210 πόλις
2880 2145 3154 2223 Κύπρου.

569 2244 1002 2324 Ὀμφάλιον
1048 2245 1248 2310 τόπος
1298 2245 1536 2325 Κρήτης
1582 2245 1849 2324 πληςίον
1896 2246 2120 2315 Θενῶν
2165 2248 2267 2311 καὶ
2315 2247 2627 2312 Κνωςςοῦ.
2682 2246 2810 2310 ἕςτι
2855 2247 2958 2311 καὶ
3002 2247 3155 2309 Θετ-

568 2346 800 2410 ταλίας.
871 2346 1313 2412 Ἐπιτάλιον
1357 2347 1545 2411 πόλις
1589 2350 1700 2424 τῆς
1743 2347 2109 2438 Τριφυλίας.
2181 2348 2509 2429 Πολύβιος»
2544 2348 2827 2430 τετάρτῃ.
2896 2347 3154 2426 Ἀμφι-

461 2458 534 2540 30
568 2445 855 2525 μάλιον
900 2447 1087 2511 πόλις
1136 2448 1374 2527 Κρήτης
1419 2447 1549 2513 ἀπὸ
1596 2447 2015 2527 Ἀμφιμάλου.
2090 2450 2338 2525 λέγεται
2384 2452 2487 2515 καὶ
2530 2449 2917 2530 Ἀμφίμαλα.
2970 2447 3154 2512 (ἰαν-

569 2547 659 2611 δά
676 2550 846 2613 λιον
881 2547 1167 2613 Πιςιδίας
1199 2549 1455 2627 χωρίον.
1522 2549 2085 2626 Ταυροπόλιον
2130 2550 2202 2615 ἐν
2251 2551 2475 2633 Ἰκαρίᾳ
2514 2551 2688 2633 νήςῳ
2728 2550 3156 2632 παρακειμένῃ

567 2669 644 2732 τῃ
676 2648 862 2732 (Σάμῳ
887 2649 1247 2728 Ἀρτέμιδος
1276 2650 1470 2728 ἱερόν.
1517 2650 1812 2730 (τράβων
1846 2651 1921 2714 ιδ’
1953 2652 2045 2735 (p.
2069 2651 2238 2733 639).
2288 2653 2438 2716 Διο
2457 2652 2592 2733 βού
2611 2655 2786 2716 λιον
2817 2652 3154 2729 πολίχνιον

569 2750 836 2829 πληςίον
890 2754 1009 2816 τοῦ
1052 2751 1331 2817 Πόντου.
1439 2752 1888 2817 Δαςκύλιον
1947 2752 2133 2819 πόλις
2183 2753 2410 2832 Καρίας
2467 2753 2571 2818 ἐπὶ
2624 2755 2762 2817 τοῖς
2820 2751 2998 2830 ὅροις
3046 2755 3157 2828 τῆς

571 2852 856 2933 Ἐφεςίας
899 2851 1031 2918 ἀπὸ
1062 2853 1405 2918 Δαςκύλου
1448 2857 1564 2918 τοῦ
1611 2853 1752 2918 υἱοῦ
1781 2854 2168 2932 Περιαύδου.
2227 2854 2355 2920 ἔςτι
2400 2856 2502 2918 καὶ
2546 2855 2730 2933 ἑτέρα
2774 2854 2961 2918 πόλις
3003 2854 3156 2932 μετὰ

470 2967 534 3018 25
570 2954 649 3017 τὰ
691 2955 944 3032 Τρωϊκὰ
991 2957 1315 3019 κτιςθεῑςα.
1399 2955 1573 3034 τρίτη
1618 2958 1731 3033 τῆς
1775 2956 2011 3033 Ἰωνίας
2064 2957 2140 3021 τὸ
2186 2956 2357 3036 μέγα·
2393 2956 2747 3034 λεγόμενον
2803 2956 2893 3019 ὡς
2937 2958 3155 3033 μεῖζον

570 3059 701 3120 τῶν
746 3055 980 3121 ἄλλων.
1047 3056 1313 3135 τετάρτη
1357 3057 1504 3134 περὶ
1551 3057 1864 3122 Βιθυνίαν.
1931 3057 2181 3136 πέμπτη
2225 3060 2336 3135 τῆς
2379 3056 2674 3121 Αἰολίδος
2716 3056 2820 3120 καὶ
2861 3056 3153 3134 Φρυγίας.

741 3184 778 3220 ·x·
823 3156 1144 3222 Ὡςαύτως
1187 3157 1395 3221 καὶτὰ
1424 3158 1512 3221 εἰς
1543 3161 1766 3224 υλλιον
1800 3158 2280 3239 ὑποκοριςτικά,
2326 3157 2940 3239 παιδαρύλλιον,
2985 3176 3155 3234 κρε-

572 3258 879 3340 ύλλιον,
926 3259 1518 3337 μειρακύλλιονῑ

738 3385 775 3420 ιι
823 3358 918 3422 Τὰ
962 3361 1065 3423 διὰ
1109 3363 1244 3424 τοῦ
1271 3366 1421 3438 μιον
1474 3360 2061 3442 προπαροξύνεται,
2119 3362 2322 3425 Μενε
2342 3360 2621 3439 δήμιον
2677 3359 2866 3423 πόλις
2909 3359 3154 3423 Λυκίας.

469 3468 537 3518 30
573 3458 1001 3539 Ἀφόρμιον
1044 3461 1245 3526 τόπος
1289 3462 1632 3527 Θεςπιέων.
1720 3462 2123 3542 Ἀφροδίςιος
2179 3463 2318 3540 ἤτοι
2364 3462 2684 3540 Εὐφήμιος
2740 3461 2810 3524 ἐν
2866 3466 2959 3544 τῷ
3012 3461 3157 3538 περὶ

570 3563 682 3636 τῆς
727 3561 1051 3637 πατρίδος.
1140 3561 1290 3626 ὅθεν
1335 3564 1438 3627 καὶ
1477 3564 1594 3629 τὸν
1640 3564 2111 3643 κυβερνήςαντα
2154 3564 2270 3641 τὴν
2315 3566 2476 3628 ναῦν
2519 3563 2636 3640 τὴν
2670 3563 2875 3639 Ἀργὼ
2921 3562 3153 3641 Τῖφυν.

575 3662 720 3725 «καὶ
764 3661 958 3737 λόγος
1002 3661 1152 3741 παρ’
1203 3663 1352 3743 ἡμῖν
1407 3668 1515 3742 τῆς
1568 3664 1732 3730 νεὼς
1787 3663 2239 3744 ἀφορμηςάςης
2293 3664 2587 3730 ἐντεῦθεν
2646 3662 2802 3744 μετὰ
2845 3667 2976 3728 τῶν
3021 3661 3156 3740 ἀρι-

573 3933 642 3967 ex
676 3917 832 3967 Eust.
870 3917 939 3966 ad
975 3918 1203 3981 Dionys.
1244 3920 1339 3968 175
1376 3917 1640 3967 accessit:
1678 3919 1847 3980 φαςίν
1884 3914 1936 3968 οἱ
1974 3918 2201 3968 παλαιοὶ
2239 3916 2325 3969 ὅτι
2361 3917 2430 3967 τὸ
2465 3916 2764 3981 τραπέζιον
2799 3917 2975 3980 ςχῆμα
3014 3914 3158 3967 κατὰ

575 3984 840 4048 μετρικὴν
896 3982 1147 4048 ἀνάγκην
1203 3983 1445 4036 ἐνταῦθα
1491 3984 1603 4047 ἔχει
1657 3984 1719 4036 ἐν
1773 3984 2172 4048 παραληγούςῃ
2227 3986 2296 4035 τὸ
2341 3982 2623 4048 δίχρονον·
2679 3984 2871 4035 ἄλλως
2911 3982 3016 4048 γὰρ
3069 3984 3156 4034 διὰ

572 4052 909 4115 διφθόγγου,
948 4049 1143 4115 φαςίν,
1182 4051 1494 4116 ἐκφέρεται.
1565 4052 1632 4103 οὐ
1670 4052 1775 4116 γὰρ
1812 4050 2204 4117 ὑποκορίζεται
2240 4052 2356 4104 ἀπὸ
2392 4055 2495 4116 τῆς
2539 4051 2846 4116 τραπέζης,
2884 4050 3017 4102 ἀλλ’
3039 4049 3153 4101 ἀπὸ

571 4122 674 4170 τοῦ
712 4118 1020 4183 τραπεζεύς
1057 4117 1295 4182 γίνεται,
1335 4118 1413 4170 ὡς
1451 4117 1594 4182 τάχα
1630 4122 1751 4169 τῶν
1789 4118 1960 4172 πάλαι
1995 4118 2324 4200 τραπεζέων
2360 4119 2819 4184 τοιουτοςχήμαςι
2845 4117 3153 4183 χρωμένων

571 4187 870 4251 τραπέζαις
905 4186 993 4238 διὰ
1027 4187 1097 4237 τὸ
1135 4186 1369 4251 ςτερρὸν
1406 4189 1508 4250 τῆς
1547 4186 1786 4251 βάςεως,
1827 4188 1968 4252 quod
2007 4189 2055 4235 si
2091 4188 2344 4237 conferas
2379 4204 2501 4237 cum
2536 4188 2634 4249 iis,
2673 4202 2816 4252 quae
2856 4186 3153 4237 Herodian.

572 4269 658 4319 ap.
704 4256 1183 4319 Theogn.45,17
1231 4256 1296 4305 de
1345 4252 1680 4319 τραπεζίτης
1727 4260 1783 4305 et
1834 4252 2199 4318 τραπεζείτης
2245 4255 2446 4318 tradit,
2494 4255 2868 4304 Herodianum
2913 4253 2981 4304 do
3026 4253 3155 4302 seri-

572 4328 735 4387 ptura
771 4321 1071 4385 τραπέζιον
1107 4328 1160 4371 et
1194 4321 1524 4386 τραπέζειον
1563 4323 1879 4403 disputasse
1924 4322 2220 4372 verisimile
2267 4328 2352 4373 est
2388 4323 2496 4384 ita,
2541 4327 2604 4371 ut
2647 4320 2948 4389 τραπέζιον
2994 4312 3160 4370 demi·

573 4391 850 4453 nutivum,
887 4388 1218 4453 τραπέζειον
1255 4397 1442 4440 autem
1479 4391 1693 4454 proprie
1718 4389 2051 4440 adiectivum
2088 4405 2239 4450 esse,
2278 4390 2371 4440 sed
2407 4389 2706 4453 τραπέζιον
2735 4388 3157 4455 praeferendum

572 4457 799 4519 dixerit,
850 4472 972 4507 nam
1021 4459 1100 4507 sic
1149 4457 1471 4508 vocabulum
1509 4457 1655 4523 apud
1691 4456 1991 4508 Hesiodum
2037 4458 2304 4521 scriptum
2350 4462 2450 4507 est.
2660 4458 2693 4507 1.
2728 4460 2762 4506 4
2808 4472 2987 4506 canon
3020 4472 3158 4505 eom·

573 4526 806 4642 Ξὲῗέἓῖῗ.
823 4530 911 4575 ⁰⁸⁸
947 4522 2388 4644 0¹1'¹'1'150551101335233⁶5}ss2121'J50m'2f‘05-›3ffl‘213e
2428 4521 2855 4641 ἶῖαῗαὲἔξῖἵξῖἔ
2872 4539 2961 4641 ἒξ
2979 4523 3069 4639 ἒξ·
3084 4523 3158 4639 ἐΐι·

571 4633 933 4724 ἀρτοπώλιον
971 4661 1150 4725 petita
1185 4665 1341 4721 sunt,
1381 4610 1645 4721 Ὀμόλιοε
1690 4676 1757 4709 ex
1797 4660 1876 4710 St.
1910 4660 1971 4710 B.
2007 4609 2256 4725 {xplevit
2303 4630 2527 4710 no’mina
2561 4658 2839 4722 Βαργύλια
2875 4606 3049 4722 usgue
3084 4657 3158 4706 ad

573 4727 729 4777 finem
766 4744 832 4779 ex
871 4729 951 4778 St.
987 4729 1048 4777 B.
1085 4728 1333 4791 apposui.
1475 4729 1511 4778 1.
1547 4729 1611 4777 2⁷
1648 4743 1824 4777 canon
1863 4744 1929 4777 ex
1965 4728 2210 4792 Theogn.
2237 4728 2350 4789 126,
2388 4730 2453 4778 23
2490 4732 2744 4792 receptus
2779 4730 2878 4777 est.
3016 4725 3052 4776 1.
3091 4727 3158 4773 29

571 4794 716 4850 huno
749 4810 1014 4851 canonem
1052 4810 1119 4845 ox
1154 4795 1467 4846 nominibus
1503 4811 1537 4844 a
1575 4796 1656 4847 St.
1694 4797 1757 4851 B.
1793 4794 1985 4846 relatis
2021 4795 2316 4859 composui.
