3664 5546
1107 385 1265 439 ΠεΡι
1307 384 1698 438 κΑοοΛικΗς
1735 384 2158 439 ΠΡοςΩιΔιΑς
2199 384 2269 437 ιε.
2816 377 2991 447 ’415

572 555 848 634 Οὐδεμία
892 555 981 620 εἰς
1039 558 1080 618 ἆ
1136 555 1419 632 λήγουςα
1473 553 1776 631 αἰτιατική
1834 553 2153 621 ὀξύνεται·
2198 590 2283 600 -
2326 555 2401 617 τὸ
2458 554 2581 630 γὰρ
2624 553 2801 616 τινά
2846 551 2987 618 ὀξύ-

315 707 321 712 2
402 680 576 724 νεται
623 659 712 723 εἰς
757 657 1080 736 διαφορὰν
1124 659 1242 720 τοῦ
1287 656 1485 719 τίνα·
1529 691 1615 702 -
1659 656 1844 720 ἔνθεν
1888 655 1927 732 ἡ
1973 655 2217 734 νιφὰδα
2261 654 2659 718 ἀποκοπεῖςα
2701 652 2989 733 ἀνεβιβά-

400 767 513 838 ςθη
573 759 992 837 «ἀλευόμενοι
1048 757 1239 837 νίφα
1296 759 1566 834 λευκήν»
1631 755 1821 840 (Hes.
1879 756 2045 841 Opp.
2106 754 2279 841 533).
2375 756 2450 820 τὸ
2508 757 2579 819 δὲ
2645 755 2992 833 Ἐρετριᾶ

403 862 505 926 καὶ
532 862 864 938 Πειραιᾶ
908 861 1010 923 καὶ
1041 858 1350 934 (τειριᾶ
1392 859 1493 922 καὶ
1537 861 1686 935 χοᾶ
1728 859 1889 923 κατὰ
1919 861 2133 936 κρᾶςιν
2164 861 2280 922 τοῦ
2324 859 2357 920 ἒ
2401 857 2502 921 καὶ
2531 861 2573 920 ἆ
2601 859 2991 934 περιςπᾶται.

572 962 757 1026 Πᾶςα
801 961 1103 1038 αἰτιατική
1150 960 1632 1039 μονοςύλλαβος
1676 959 1763 1023 εἰς
1810 961 1851 1022 V
1895 960 2175 1036 λήγουςα
2218 961 2624 1040 περιςπᾶται,
2681 957 2988 1036 ἀπέςτρα-
3019 976 3052 1025 5

406 1084 554 1127 πται
600 1057 819 1128 δὲ’τόν
851 1062 1004 1129 ὀξὺν
1035 1062 1232 1126 τόνον
1279 1064 1458 1143 μῦν,
1506 1064 1734 1142 μνᾶν,
1781 1058 2116 1142 ςῦν,“ὗν,
2163 1063 2388 1141 δρῦν,
2435 1061 2556 1123 λῖν
2605 1058 2745 1122 «ἐπί
2787 1079 2856 1123 τε
2890 1062 2992 1123 λῖν

406 1167 605 1243 ἤγαγε
651 1164 935 1244 δαίμων»
981 1163 1058 1244 (Λ
1103 1160 1288 1245 480),
1334 1166 1510 1244 γῆν,
1556 1166 1780 1244 ναῦν,
1825 1166 2100 1240 γραῦν.
2147 1164 2332 1225 θεῦν
2381 1162 2537 1238 «τὴν
2584 1164 2734 1224 θεῦν
2777 1161 2992 1238 Ἄρτε-

407 1287 511 1344 μιν
558 1264 649 1329 οἷ’
694 1266 975 1330 ἔπαθεν»
1022 1266 1138 1341 τήν
1181 1265 1335 1328 θεὸν
1365 1265 1525 1327 κατὰ
1558 1267 1803 1346 κρᾶςιν,
1850 1267 2076 1345 νοῦν,
2122 1265 2345 1343 χοῦν,
2394 1264 2608 1341 βοῦν·
2652 1261 2849 1345 ταύτῃ
2894 1262 2995 1326 καὶ

407 1367 447 1446 ἡ
493 1369 714 1431 κλεῖδα
757 1365 1057 1442 αἰτιατική
1102 1365 1418 1444 γενομένη
1462 1368 1681 1429 κλεῖν
1727 1368 2103 1442 περιςπᾶται
2146 1367 2257 1440 τῆς
2301 1363 2545 1427 εὐθείας
2586 1362 2993 1441 ὀξυνομένης.

575 1469 650 1557 ᾼὶ
707 1467 870 1545 ὑπὲρ
924 1467 1069 1546 μίαν
1126 1468 1441 1546 ςυλλαβήν
1499 1465 1897 1546 ἰςοςύλλαβοι
1965 1467 2067 1530 καὶ
2121 1465 2473 1543 ὁμόχρονοι
2537 1467 2676 1529 ταῖς
2729 1464 2996 1529 εὐθείαις
3037 1482 3098 1532 10

412 1568 594 1645 οὖςαι
628 1568 934 1647 ὁμότονοί
964 1568 1107 1648 εἰςι,
1153 1567 1348 1631 καλός
1393 1551 1664 1650 καλόν,
1710 1567 1933 1645 Ἑρμῆς
1976 1566 2276 1650 Ἑρμῆν,
2322 1569 2593 1645 χρυςοῦς
2622 1569 2995 1656 χρυςοῦν,

411 1670 725 1748 Ἀτρείδης
782 1670 1211 1750 Ἀτρείδην,
1269 1669 1464 1746 ταχύς
1519 1669 1794 1752 ταχύν,
1856 1672 2037 1747 μῆνις
2083 1671 2343 1751 μῆνιν,
2398 1667 2560 1745 ἥπερ
2609 1672 2994 1747 βραχυκατα-

412 1773 641 1848 ληκτεῖ.
729 1771 807 1833 τὰ
861 1771 984 1847 γὰρ
1040 1769 1127 1834 εἰς
1181 1772 1246 1832 N
1302 1769 1582 1847 λήγοντα
1631 1770 1707 1834 έν
1772 1776 1850 1853 τῇ
1917 1770 2220 1853 αἰτιατικῇ
2274 1770 2486 1833 πάντα
2544 1768 2779 1848 βραχέα
2833 1768 2994 1832 ἐςτὶν

413 1870 558 1935 οἷον
618 1870 998 1953 Εὔπολιν,
1052 1872 1384 1951 Ἄλεξιν,
1440 1869 1640 1953 ἔχιν,
1699 1871 1957 1936 Θέτιν·
2002 1861 2192 1956 ιοὕτω
2247 1875 2410 1945 γοῦν
2465 1872 2566 1934 καὶ
2621 1871 2836 1950 μῆνιν,
2894 1870 2994 1932 διὸ

407 1973 526 2050 τὴν
580 1975 848 2050 κνημῖδα
903 1973 1004 2036 καὶ
1047 1975 1365 2050 ςφραγῖδα
1420 1971 1482 2035 οἱ
1525 1971 1776 2038 Αἰολεῖς
1821 1976 1961 2038 κνᾶ
1976 1994 2101 2052 μιν
2147 1973 2249 2037 καὶ
2293 1974 2629 2051 ςφρᾶγιν
2698 1970 2997 2045 λέγοντες
3036 1989 3097 2039 15

413 2075 567 2151 μετὰ
612 2072 986 2152 ὀλιγότητος
1029 2076 1358 2153 ςυλλαβῶν
1405 2074 1863 2139 ςυςτέλλουςιν.
1939 2073 2128 2139 εἶπον
2175 2076 2246 2138 δὲ
2294 2073 2725 2153 «ὁμόχρονοι»
2773 2071 2879 2135 διὰ
2920 2073 2995 2136 τὸ

411 2262 598 2311 verbis
632 2261 856 2310 Homeri
893 2277 960 2311 ex
987 2260 1180 2310 Choer.
1205 2263 1322 2322 420,
1352 2263 1416 2310 10
1450 2261 1745 2325 appositis,
1783 2259 1927 2310 unde
1966 2262 2135 2310 etiam
2163 2275 2325 2325 supra
2360 2258 2666 2324 exemplum
2692 2258 2998 2309 accusativi

410 2331 646 2390 γυναῖκα
681 2330 902 2380 Homer.
942 2328 1165 2392 sumpsi.
1269 2329 1305 2379 l.
1334 2333 1358 2376 1
1398 2342 1573 2392 usque
1599 2327 1671 2377 ad
1696 2327 1953 2379 ὀξύνεται
1988 2330 2067 2379 Ιο.
2103 2327 2187 2380 Αἰ.
2230 2330 2308 2387 12,
2350 2329 2430 2390 17,
2469 2343 2537 2376 ex
2572 2342 2680 2390 quo
2704 2328 2870 2376 etiam
2910 2327 2944 2374 1.
2965 2329 2995 2375 2

413 2395 576 2446 ἔνθεν
600 2395 726 2446 -1.
746 2400 779 2446 3
804 2393 1028 2457 λευκήν.
1064 2394 1133 2444 τό
1158 2394 1264 2458 γὰρ
1287 2393 1414 2444 τινά
1437 2422 1502 2430 -
1526 2392 1656 2446 τίνα
1682 2411 1748 2444 ex
1773 2394 1971 2444 Aroad.
1993 2398 2105 2456 130,
2134 2398 2182 2456 7,
2208 2394 2353 2444 unde
2381 2395 2546 2444 etiam
2569 2394 2639 2444 τὸ
2664 2392 2725 2443 δὲ
2753 2391 2997 2457 Ἐρετριᾶ

412 2480 585 2528 usque
623 2464 693 2512 ad
719 2463 897 2523 finem,
933 2465 1038 2524 χοᾶ
1066 2479 1132 2511 ex
1157 2463 1345 2511 Diohr.
1370 2466 1487 2524 291,
1518 2466 1580 2511 14
1605 2462 1820 2512 addito:
1861 2463 2008 2512 πᾶςα
2034 2459 2312 2524 αἰτιατική
2339 2460 2560 2525 ἀπαθὴς
2588 2460 2665 2512 εἰς
2692 2463 2727 2512 ἃ
2752 2460 2996 2524 λήγουςα

414 2529 799 2581 ςυςτέλλεςθαι
824 2529 991 2591 θέλει,
1023 2527 1324 2592 Ἀλκμᾶνα,
1349 2529 1607 2592 ποιμένα,
1632 2527 1890 2593 Ἕκτορα,
1918 2529 2148 2594 θώρακα
2176 2528 2447 2592 Ἀχιλλέα,
2476 2528 2710 2592 βαςιλέα.
2756 2527 2997 2580 Ἀττικοὶ

417 2597 607 2658 μέντοι
633 2594 938 2648 ἐκτείνουςι
963 2595 1063 2646 τὰς
1087 2594 1202 2647 ἀπὸ
1228 2599 1348 2646 τῶν
1374 2594 1451 2646 εἰς
1477 2599 1572 2647 {oc
1601 2596 1798 2660 Ἀτρέα
1823 2596 2089 2659 λέγοντες
2115 2597 2206 2648 καὶ
2232 2595 2396 2660 ἱερέα.
2434 2596 2753 2661 πρόςκειται
2777 2595 2998 2660 ἀπαθὴς

415 2664 502 2715 διὰ
527 2664 596 2714 τὸ
622 2666 726 2726 χοᾶ
751 2663 841 2714 καὶ
869 2663 1113 2727 Ἐρετριᾶ
1140 2663 1230 2713 καὶ
1255 2663 1483 2727 Πειρειᾶ
1509 2664 1598 2715 καί
1625 2662 1842 2727 (τειριᾶ
1875 2665 1946 2714 cf.
1981 2667 2151 2714 etiam
2174 2665 2238 2718 11.
2265 2666 2352 2714 Pr.
2380 2663 2425 2715 Θ
2449 2668 2574 2714 441ε
2614 2665 2794 2716 λῖτα;
2836 2678 2997 2726 μετα-

417 2730 667 2793 πλαςμός
704 2731 850 2784 ἐςτιν
888 2731 1051 2782 ἐνθεν
1089 2729 1412 2795 βαρύνεται,
1451 2730 1575 2783 ἐπεὶ
1612 2733 1759 2783 πᾶςα
1794 2729 2072 2796 αἰτιατική
2111 2731 2264 2796 ἑνικὴ
2303 2731 2526 2798 ἀπαθὴς
2563 2727 2641 2784 εἰς
2678 2748 2713 2784 α
2751 2730 2998 2796 λήγουςα

418 2800 734 2864 βαρύνεται,
770 2799 1194 2863 ύπεςταλμένης
1239 2800 1340 2863 τῆς
1377 2798 1529 2849 τινά·
1577 2798 1798 2863 ἀπαθής
1843 2799 1930 2851 διὰ
1974 2800 2044 2851 τὸ
2089 2799 2275 2864 εὐφυᾶ
2309 2800 2481 2864 διφυᾶ
2518 2802 2607 2851 καὶ
2642 2800 2714 2851 τὰ
2748 2802 2997 2851 τοιαῦτα.

417 2867 454 2920 C
482 2871 580 2918 352
605 2866 640 2929 ἡ
668 2864 945 2930 αἰτιατική
972 2869 1098 2918 λῖτα
1124 2865 1579 2928 μεταπέπλαςται
1615 2866 1678 2918 ἐκ
1713 2870 1815 2930 τῆς
1855 2867 2012 2919 λιτόν
2048 2866 2125 2920 ὡς
2153 2867 2326 2933 κρόκα
2350 2868 2412 2918 ἐκ
2437 2870 2539 2932 τῆς
2564 2867 2789 2932 κρόκην.
2842 2868 2911 2917 τὸ
2938 2867 2999 2918 δὲ

418 2934 570 2999 παρὰ
594 2938 678 3001 τῷ
716 2938 925 3001 ποιητῇ
962 2932 1260 2999 «κάθηράῦ
1300 2948 1364 2984 τε
1403 2934 1554 2997 ῥύπα
1591 2934 1818 2987 πάντα»
1859 2936 1987 2999 (Od.
2022 2938 2051 2988 Z
2086 2938 2202 2999 93),
2249 2934 2298 2987 εἰ
2344 2934 2418 2999 μή
2465 2935 2576 2986 ἑςτι
2613 2935 2998 3000 πληθυντικὸν

416 3002 745 3066 οὐδέτερον,
783 3005 885 3054 τοῦ
924 3000 1295 3078 προκειμένου
1333 3004 1729 3066 μεταπλαςμοῦ
1757 3002 1957 3065 ἔχεται.
2004 3003 2108 3066 οὐχ
2134 3003 2411 3067 ὁμότονος
2439 3002 2501 3054 δὲ
2526 3002 2753 3065 ἐγένετο
2778 3002 2848 3053 τὸ
2874 3004 2999 3053 λῖτα

416 3075 487 3137 τῇ
526 3069 709 3134 λιτόν,
750 3069 873 3121 ἐπεὶ
912 3072 1059 3121 πᾶςα
1094 3068 1371 3133 αἰτιατική
1409 3068 1487 3121 εἰς
1524 3073 1559 3121 ἃ
1594 3070 1840 3135 λήγουςα
1887 3070 2217 3135 ἐβαρύνετο,
2267 3070 2691 3136 ὑπεςταλμένης
2735 3073 2838 3134 τῆς
2874 3069 2999 3121 τινά

418 3138 561 3189 κατὰ
597 3136 856 3202 ἀόριςτον
892 3136 1205 3202 προφορὰν.
1255 3138 1404 3197 Idem
1443 3140 1556 3189 fere
1594 3138 1642 3189 Ψ
1678 3139 1777 3189 254
1815 3140 1888 3188 cf.
1927 3137 1972 3189 Θ
2013 3143 2107 3190 167
2145 3138 2362 3202 φύγαδε
2400 3138 2477 3191 ώς
2515 3136 2708 3190 ἅλαδε·
2747 3139 2836 3189 καὶ
2871 3138 3000 3201 ἤτοι

417 3208 525 3270 τήν
562 3204 750 3270 φυγήν
787 3205 941 3268 φύγα
979 3205 1143 3257 εἶπεν
1181 3205 1324 3256 κατὰ
1359 3205 1760 3268 μεταπλαςμὸν
1807 3204 1886 3257 ὡς
1922 3206 2030 3270 τήν
2067 3207 2278 3271 ςκέπην
2323 3206 2498 3258 ςκέπα
2544 3208 2578 3269 ἢ
2617 3206 2695 3257 ῶς
2731 3205 2801 3257 τὸ
2838 3205 2999 3256 οἰκον

417 3273 479 3324 δὲ
516 3272 732 3337 οἶκαδε,
771 3272 957 3324 οὕτως
996 3273 1185 3336 φυγὴν
1221 3271 1282 3323 δὲ
1319 3272 1550 3336 φύγαδε.
1621 3274 1782 3338 Apud
1817 3276 2112 3324 Arcadium
2159 3277 2237 3326 sie
2272 3291 2447 3325 canon
2484 3275 2550 3325 de
2588 3275 2908 3325 accusativo
2943 3274 3001 3324 in

419 3345 454 3391 ἇ
491 3348 725 3391 exeunte
764 3342 1063 3406 profertur:
1112 3343 1259 3391 πᾶςα
1303 3339 1580 3405 αἰτιατική
1628 3339 1831 3391 ἑνικῶν
1878 3341 1970 3393 ἐπὶ
2006 3340 2220 3406 ταύτης
2265 3344 2368 3406 τῆς
2414 3342 2848 3405 ςυλλαβῆς.ἔχει
2893 3341 2999 3391 τὸν

419 3408 621 3471 τόνον,
660 3407 763 3471 ἐφ’
799 3407 865 3471 ἧς
902 3408 993 3460 καὶ
1029 3407 1064 3470 ἡ
1103 3406 1325 3473 γενική,
1364 3409 1515 3472 πλήν
1551 3410 1672 3459 τῶν
1710 3407 1787 3460 εἰς
1832 3410 1869 3459 ἃ
1904 3407 2275 3472 διςυλλάβων·
2323 3408 2592 3474 ἀβλῆτος,
2639 3408 2882 3473 ἀβλῆτα,
2922 3410 2999 3459 λι-

423 3476 587 3539 μένος
624 3474 847 3538 λιμένα,
885 3474 1198 3539 Διομήδεος
1234 3475 1545 3540 Διομήδεα,
1586 3477 1759 3527 καλοῦ
1799 3476 2001 3539 καλόν,
2041 3475 2090 3528 εἰ
2127 3477 2216 3527 καί
2255 3477 2328 3541 μὴ
2366 3477 2471 3528 τὸν
2508 3476 2687 3528 αὐτὸν
2724 3477 2998 3540 φυλάττει

418 3544 591 3595 τόνον
626 3542 715 3593 διὰ
748 3543 853 3594 τὸν
889 3542 1126 3607 κανόνα,
1165 3542 1297 3594 ἀλλ’
1322 3542 1414 3595 ἐπὶ
1450 3548 1521 3610 τῇ
1547 3543 1692 3609 αὐτῇ
1718 3544 1985 3610 ςυλλαβῇ·
2022 3545 2092 3595 τὸ
2120 3544 2311 3607 μέντοι
2338 3544 2583 3610 Ὁμήρου
2608 3544 2864 3610 Ὅμηρον
2888 3546 2999 3595 δια-

421 3614 611 3675 φορεῖ,
637 3610 779 3661 διότι
804 3610 837 3673 ή
864 3611 1057 3674 γενική
1083 3610 1172 3661 καὶ
1197 3611 1390 3676 δοτική
1416 3612 1790 3675 καταβιβάζει,
1819 3614 2030 3677 μακρᾶς
2054 3612 2222 3676 οὔςης
2246 3614 2349 3675 τῆς
2374 3613 2665 3676 ληγούςης.
2702 3610 3000 3678 ςημείωςαι

420 3679 489 3729 τὸ
524 3677 785 3740 γυναικός
822 3682 1057 3740 γυναῖκα
1093 3679 1183 3729 καὶ
1219 3678 1494 3743 θυγατρός
1521 3678 1799 3743 θυγατέρα
1836 3681 1926 3730 καὶ
1950 3678 2223 3744 θύγατρα·
2258 3679 2700 3743 ἀναβιβάζουςιν,
2740 3680 2827 3731 ὅτι
2853 3683 3002 3731 πᾶςα

422 3746 697 3809 αἰτιατική
737 3746 940 3797 ἑνικῶν
977 3744 1055 3797 εἰς
1091 3749 1128 3798 ἃ
1172 3745 1416 3811 λήγουςα
1461 3746 1846 3811 ἀπέςτραπται
1893 3747 2000 3811 τήν
2047 3747 2233 3799 ὀξεῖαν
2277 3746 2434 3799 τάςιν
2480 3748 2718 3800 Αἴαντος
2764 3746 3000 3800 Αἴαντα·

421 3814 490 3864 τὸ
527 3813 588 3864 δὲ
623 3813 749 3864 τινά
784 3813 1041 3865 ὀξύνεται
1078 3812 1156 3865 εἰς
1191 3813 1465 3878 διαφορὰν
1488 3817 1591 3865 τοῦ
1630 3813 1770 3865 τίνα.
1817 3815 1887 3865 τὸ
1925 3815 1986 3866 δὲ
2014 3815 2258 3879 Ἐρετριᾶ
2294 3817 2382 3867 καὶ
2408 3816 2643 3880 Πειραιᾶ
2669 3815 2758 3867 καὶ
2784 3814 3001 3881 (τειριᾶ

423 3881 568 3933 κατὰ
612 3882 801 3946 κρᾶςιν
846 3883 949 3932 τοῦ
999 3885 1034 3933 'e‘
1074 3883 1165 3933 καὶ
1200 3884 1250 3932 fi.
1321 3884 1356 3944 ἡ
1405 3881 1466 3932 δὲ
1510 3882 1660 3934 ὀξεῖα
1705 3883 1794 3933 καὶ
1844 3884 2034 3947 βαρεῖα
2079 3884 2188 3946 τὴν
2232 3883 2666 3948 περιςπωμένην
2713 3882 2999 3949 ἑποίηςαν,

425 3950 613 4013 ὥςπερ
652 3948 730 4000 εἰς
765 3949 834 3999 τὸ
883 3947 1013 4000 πάϊς
1060 3952 1217 4013 παῖς,
1257 3948 1558 4014 Ἠρακλέης
1604 3949 1894 4014 Ἡρακλῆς.
1966 3950 2022 4003 ἑξ
2068 3949 2250 4004 ὀξείας
2293 3952 2398 4014 γὰρ
2445 3952 2535 4002 καὶ
2584 3948 2805 4014 βαρείας
2850 3967 3001 4016 περι-

424 4015 692 4081 ςτῐωμὲνη
728 4014 955 4079 γίνεται.
1027 4016 1347 4081 πρόςκειται
1383 4021 1467 4082 τῷ
1506 4016 1725 4081 κανόνι,
1778 4019 1930 4081 πλήν
1974 4021 2096 4068 τῶν
2142 4017 2219 4070 εἰς
2256 4022 2290 4069 ᾶ
2327 4020 2620 4082 ληγουςῶν
2656 4017 3001 4081 διευλλάβων

423 4083 751 4135 αἰτιατικῶν
787 4083 928 4134 διότι
964 4083 1126 4135 αὗται
1166 4084 1328 4146 μόναι
1365 4085 1724 4148 βαρύνονται,
1765 4088 1913 4148 μῆνα
1950 4089 2146 4149 φῶτα,
2192 4089 2314 4136 τῶν
2358 4087 2601 4146 γενικῶν
2647 4085 2843 4136 αὐτῶν
2880 4084 3001 4138 ὀξυ-

424 4151 698 4214 νομένων.
860 4153 894 4205 l.
935 4156 966 4202 5
1004 4169 1069 4202 ex
1108 4154 1173 4203 11.
1209 4156 1298 4203 Pr.
1339 4152 1381 4204 Λ
1416 4155 1516 4204 489
1551 4154 1644 4202 ubi
1685 4154 1797 4204 λῖνι
1848 4151 2252 4217 περιςπαςτὲον
2290 4152 2432 4204 κατὰ
2468 4153 2643 4215 νόμον
2679 4153 2801 4202 τῶν
2839 4168 3001 4215 μονο-

424 4218 717 4282 ςυλλάβων
754 4218 1095 4271 αἰτιατικῶν.
1146 4222 1294 4271 παςᾶ
1328 4219 1434 4284 γὰρ
1480 4218 1757 4283 αἰτιατική
1796 4248 1860 4257 -
1899 4221 2254 4284 ὀξυνομένης.
2325 4223 2507 4271 ταῦτα
2553 4219 2893 4283 Ἡρωδιανὸς
2940 4220 3002 4272 ἐν

424 4292 508 4352 τῷ
556 4286 1045 4353 πεντεκαιδεκάτῳ
1093 4290 1196 4352 τῆς
1240 4287 1514 4349 καθόλου,
1560 4287 1697 4352 δρῦν
1741 4288 1923 4337 adieci
1968 4304 2033 4337 ex
2079 4289 2156 4341 10.
2203 4288 2285 4336 ΑΙ.
2326 4291 2411 4349 12,
2458 4291 2550 4350 22,
2600 4290 2693 4352 qui
2739 4304 3003 4339 canonem

424 4357 680 4407 similiter
716 4356 954 4421 profert,
1006 4356 1078 4405 ad
1122 4357 1210 4405 λῖν
1255 4357 1425 4406 verba
1461 4357 1755 4405 Homerica
1800 4357 2031 4421 apposui
2076 4373 2144 4406 ex
2191 4356 2386 4405 Choer.
2420 4359 2547 4419 421,
2585 4359 2650 4406 26
2697 4356 2790 4418 (cf.
2827 4358 3003 4409 Lehrs

428 4426 589 4476 Arist.
627 4441 678 4489 p.
714 4426 814 4474 257
850 4423 939 4473 ed.
976 4423 1031 4473 11
1077 4425 1170 4488 qui
1215 4416 1357 4473 saleio
1393 4423 1651 4473 Eustath.
1695 4425 1814 4486 857,
1851 4426 1915 4474 37
1961 4424 2180 4474 tradere
2216 4423 2591 4473 Aristarchum
2626 4426 3004 4476 accusativum

428 4488 514 4540 λίν
560 4492 952 4556 pronunciasse
981 4490 1257 4554 evincit),
1301 4492 1410 4554 γῆν
1447 4518 1510 4527 -
1547 4492 1683 4540 θεῦν
1730 4506 1796 4540 ex
1840 4492 1920 4545 Io,
1957 4491 2071 4554 AL,
2119 4493 2422 4557 exemplum
2466 4499 2708 4545 accusat.
2755 4492 2891 4543 θεῦν
2935 4510 3003 4545 ex

429 4558 621 4608 Choer.
657 4560 695 4610 l.
736 4576 807 4619 c.‚
846 4561 985 4610 νοῦν
1019 4585 1084 4595 --
1123 4560 1260 4622 βοῦν
1296 4575 1362 4609 ex
1401 4558 1477 4608 Io.
1512 4558 1598 4608 Al.
1636 4583 1704 4595 -—-
1737 4559 2009 4609 Arcadius
2045 4564 2159 4621 130,
2201 4563 2260 4609 17
2297 4557 2353 4610 αἱ
2391 4558 2582 4621 μέντοι
2620 4557 2697 4612 εἰς
2734 4562 2767 4611 V
2802 4559 3001 4625 λήγου-

431 4638 513 4674 ςαι
551 4626 951 4689 μονοςύλλαβοι
987 4624 1282 4677 αἰτιατικαί
1309 4624 1523 4689 μακρὰν
1559 4625 1779 4688 ἔχουςαι
1813 4626 1923 4690 τήν
1957 4625 2237 4690 λήγουςαν
2263 4630 2668 4691 περιςπῶνται,
2709 4632 2844 4692 μῦν,
2883 4632 3001 4694 ςῦν,

431 4691 595 4756 δρῦν,
633 4695 745 4758 λῖν,
785 4698 952 4757 ναῦν,
991 4697 1195 4759 γραῦν,
1234 4697 1367 4758 γῆν,
1416 4696 1553 4744 θεῡν
1588 4694 1696 4758 τήν
1733 4693 1869 4745 θεὸν
1906 4693 2049 4746 κατὰ
2084 4697 2298 4759 κρᾶςιν,
2338 4696 2517 4756 κλεῖν;
2566 4696 2777 4761 reliqua
2823 4700 3003 4748 omnia

433 4761 499 4808 de
536 4764 855 4829 aqcusativo
892 4765 1096 4813 absunt
1132 4765 1200 4814 ab
1240 4779 1322 4815 eo,
1428 4763 1459 4811 Ι.
1489 4765 1675 4827 lon—p.
1712 4764 1813 4812 416
1850 4763 1884 4812 l.
1923 4766 1953 4813 2
1992 4779 2059 4813 ex
2093 4765 2169 4814 Ῑο.
2204 4763 2288 4814 Al.
2330 4767 2408 4825 12,
2447 4767 2526 4813 22.
2565 4790 2631 4800 -
2670 4766 2704 4814 l.
2744 4768 2804 4815 12
2843 4767 3002 4830 μῆνις

435 4827 600 4891 μῆνιν
637 4856 696 4864 -
736 4830 769 4879 l.
813 4832 873 4880 16
911 4829 1295 4900 cucjrkuouctv
1341 4831 1524 4897 recepi
1572 4848 1639 4883 ex
1675 4831 1928 4882 Eustath.
1966 4834 2024 4895 8,
2061 4834 2127 4882 42
2163 4832 2257 4883 ubi
2293 4830 2489 4882 κανὼν
2523 4835 2624 4885 τοῦ
2664 4833 3002 4899 βραχυκατα-
