3664 5546
1091 410 1248 465 ΠΕΡΙ
1290 408 1682 464 ΚΑΘΟΛΙΚΗ(
1716 407 2140 464 ΠΡΟΕΩιΔΙΑ(
2175 410 2241 463 Δ.
2874 409 2958 474 95

373 582 609 662 ὁμοίως
655 581 997 647 ὀξύνονται
1042 583 1144 646 καὶ
1189 581 1440 660 Ῥηνίς
1484 582 1523 660 ἡ
1569 580 1776 659 Ῥήνη
1804 583 1995 658 νῆςος
2041 580 2226 661 μικρὰ
2269 579 2536 658 πληςίον
2581 580 2812 658 Δήλου
2855 581 2958 645 καὶ

377 685 750 763 Κρηνίδες
793 683 980 749 πόλις
1026 683 1457 766 Μακεδονίας,
1502 683 1578 749 ἃς
1618 683 1937 748 Φίλιππος
1981 683 2389 763 μετωνόμαςε
2434 681 2811 765 Φιλίππους,
2855 682 2958 747 καὶ

376 787 749 865 Κρανίδες
805 786 1084 850 ςυνοικία
1136 786 1299 865 πρὸς
1353 792 1443 872 τῷ
1498 786 1765 870 Πόντῳ·
1820 786 2180 865 Παρθένιος
2237 785 2306 850 ἐν
2353 785 2674 869 Ἀνθίππῃ.
2762 785 2838 849 τὸ
2884 786 2956 850 δὲ

373 889 603 954 Θυνίς
649 888 901 954 ἐθνικόν
947 886 1235 956 ὀξύνεται
1283 888 1373 953 ῶς
1415 891 1491 954 τὸ
1538 888 1799 960 Βιθυνίς.

539 991 634 1055 Τὰ
699 991 786 1056 εἰς
847 993 947 1058 Vi?
1007 991 1249 1070 θηλυκὰ
1313 991 1646 1073 διφθόγγῳ
1712 990 2210 1069 παραληγόμενα
2275 988 2597 1072 ὀξύνεται,
2666 989 2951 1072 μαινίς,
2984 1002 3015 1052 5

370 1093 672 1177 δαυνίς,
719 1093 1164 1176 ἑπιγουνίς,
1209 1093 1703 1176 θεραπαινίς,
1751 1092 2066 1158 λεαινίς.
2129 1092 2490 1158 Κιδαινίς.
2539 1091 2744 1158 οὕτως
2790 1091 2955 1157 ῶνο-

370 1196 601 1276 μάζετο
647 1196 857 1260 Ἐλαία
912 1196 1098 1261 πόλις
1151 1199 1262 1273 τῆς
1316 1194 1516 1260 Ἀςίας
1558 1194 1830 1285 Αἰολική.
1922 1193 2401 1270 Μελιγουνίς
2455 1193 2560 1273 μία
2624 1198 2756 1259 τῶν
2815 1194 2958 1258 Αἰό-

372 1301 492 1364 λου
535 1299 747 1376 νήςων
791 1300 832 1377 ἡ
877 1299 980 1362 καὶ
1023 1298 1287 1376 Λιπάρα.
1381 1298 1774 1378 Καλλίμαχος
1820 1298 1890 1362 ἐν
1935 1303 2027 1382 τῷ
2072 1297 2432 1377 Ἀρτέμιδος
2474 1296 2654 1380 ὕμνῳ
2699 1297 2792 1378 (ν.
2824 1294 2957 1379 48).

368 1400 446 1464 τὸ
492 1401 708 1480 μέντοι
755 1398 972 1465 εὖνις
1030 1401 1366 1479 βαρύνεται
1422 1402 1527 1465 καὶ
1582 1404 1851 1480 βοῦνις
1895 1399 1998 1464 καὶ
2042 1402 2368 1478 χλοῦνις
2424 1399 2527 1463 καὶ
2575 1399 2957 1475 Κύραυνις

367 1505 563 1580 νῆςος
593 1504 752 1567 κατὰ
780 1502 934 1566 τοὺς
968 1502 1006 1564 Γ
1009 1502 1279 1567 ύζαντας
1306 1501 1461 1568 τοὺς
1504 1502 1575 1568 ἐν
1605 1502 1829 1586 Λιβύῃ,
1880 1502 1969 1566 ὼς
1998 1500 2348 1579 Ἡρόδοτος
2377 1501 2645 1584 τετάρτῃ
2676 1501 2760 1582 (ο.
2790 1498 2955 1580 195).
2996 1511 3059 1562 10

541 1605 636 1669 Τὰ
679 1604 768 1669 εἰς
813 1608 952 1672 ὰῖιξ
1009 1605 1250 1683 θηλυκὰ
1294 1604 1456 1682 ὑπὲρ
1512 1604 1631 1669 δύο
1678 1605 1992 1684 ςυλλαβὰς
2037 1602 2357 1687 ὀξύνεται,
2413 1601 2788 1685 Ὠκεανὶς,
2833 1603 2957 1667 Τι-

366 1707 618 1789 τανίς,
677 1708 1071 1790 ςτεφανίς·
1128 1707 1254 1771 ἔςτι
1313 1708 1383 1771 δὲ
1439 1708 1541 1771 καὶ
1592 1707 1778 1771 πόλις
1825 1706 2314 1785 Μαριανδυνῶν.
2403 1704 2728 1771 Ἑκαταῖος
2773 1706 2955 1790 Ἀςίᾳ.

369 1809 741 1874 Ἀνθανίς.
832 1811 1038 1876 οὕτως
1095 1808 1383 1873 ἐκαλεῖτο
1440 1809 1479 1887 ἡ
1524 1808 1796 1887 Τροιζὴν
1850 1809 2036 1874 πόλις
2086 1809 2614 1887 Πελοποννήςου.
2704 1807 2956 1887 ῥαφα-

366 1913 504 1975 νίς.
583 1912 992 1994 Καρβανίς,
1055 1911 1475 1994 Καρμανίς,
1521 1911 1985 1995 Ἀτιντανίς,
2040 1910 2422 1994 Αἰνιανίς,
2469 1910 2954 1993 Ἀκαρνανίς,

367 2009 722 2093 Ἀλβανίς
779 2014 993 2096 λίμνη,
1049 2013 1398 2091 Δυμανίς
1465 2013 1767 2078 «ςτέλλεο
1829 2017 1947 2077 νῦν
2005 2012 2095 2077 ἔτι
2150 2016 2301 2092 τῆλε
2355 2013 2728 2092 Δυμανίδος
2782 2013 2956 2092 ήπεί-
2996 2021 3056 2071 15

365 2135 576 2200 ροιο».
666 2115 1179 2209 Βρεττανίδες
1223 2119 1402 2193 νῆςοι
1448 2116 1517 2181 ἐν
1561 2122 1654 2201 τῷ
1699 2113 2011 2200 Ὠκεανῷ·
2058 2116 2160 2179 καὶ
2204 2115 2391 2181 ἄλλοι
2437 2116 2642 2181 οὕτως
2693 2116 2797 2181 διὰ
2841 2118 2957 2180 τοῦ

365 2219 422 2280 ’τί
464 2217 853 2296 Πρετανίδες
898 2220 1108 2299 νῆςοι,
1157 2218 1247 2282 ὡς
1290 2218 1708 2297 Πτολεμαῖος.
1755 2218 2168 2297 Ἰςτριανίς.
2228 2217 2640 2298 Καμπανίς.
2686 2217 2955 2297 Ὑρκα-

365 2318 521 2402 νίς,
567 2319 632 2385 ἐξ
677 2318 758 2384 οὗ
801 2322 877 2385 τὸ
926 2319 1076 2384 «εἰς
1121 2318 1463 2398 Ὑρκανίδα
1508 2321 1792 2401 λίμνην».
1880 2320 1956 2384 τὸ
2012 2321 2083 2385 δὲ
2140 2323 2407 2387 νεᾶνις
2451 2323 2956 2399 προπεριςπᾶται

365 2421 475 2486 καὶ
517 2422 593 2486 τὸ
637 2422 946 2487 ’Ἀδανις
990 2423 1092 2486 καὶ
1136 2421 1490 2502 Θήβανις·
1519 2423 1796 2501 θηλυκὸν
1841 2423 1958 2487 τὸν
2001 2422 2199 2487 τόνον
2242 2421 2535 2487 Αἰολίδος
2579 2423 2778 2503 ἔςχεν.
2824 2421 2955 2486 ἐπί-

367 2543 594 2604 ςταμαι
640 2525 712 2587 δὲ
757 2522 855 2587 ὅτι
901 2525 1003 2588 καὶ
1046 2523 1376 2602 ἀρςενικόν
1421 2524 1601 2588 ἐςτιν.
1680 2524 1887 2589 οὕτως
1932 2526 2003 2589 δὲ
2048 2523 2283 2603 ἄνεμος
2326 2527 2607 2590 καλεῖται
2652 2523 2784 2590 ἀπὸ
2830 2524 2956 2603 Θή·
2991 2534 3059 2586 20

366 2631 485 2707 βης
527 2626 782 2691 πόλεως
825 2626 1044 2690 πνέων
1088 2628 1198 2703 τῆς
1242 2624 1581 2690 Ἠετίωνος
1624 2631 1742 2690 τοῦ
1786 2627 2030 2705 πατρὸς
2061 2626 2506 2705 Ἀνδρομάχης.
2573 2627 2810 2705 ὁμοίως
2855 2627 2961 2690 καὶ

366 2728 812 2807 Βούρχανις
868 2730 1060 2806 νῆςος
1093 2728 1184 2793 ,ἐν
1239 2733 1316 2812 τῇ
1367 2728 1655 2812 Κελτικῇ,
1714 2728 1804 2793 ὡς
1850 2727 2145 2809 Ετράβων
2203 2729 2294 2813 (p.
2341 2726 2496 2811 291)
2546 2728 2953 2809 προπαροξύ-

367 2851 564 2897 νεται.
651 2832 728 2895 τὸ
772 2832 843 2896 δὲ
887 2831 1217 2896 Ὕπανις
1259 2830 1549 2911 ποταμὸς
1592 2831 1694 2895 καὶ
1737 2831 1923 2897 πόλις
1966 2835 2082 2896 τοῦ
2126 2831 2388 2896 Πόντου
2443 2833 2544 2896 καὶ
2592 2832 2955 2897 Μαιώτιδος

368 2934 593 3013 λίμνης
637 2933 802 2998 ἐςτὶν
848 2931 1193 3011 ἀρςενικόν.
1246 2933 1660 3011 Ἀλέξανδρος
1706 2934 1771 2998 δ’
1817 2933 1855 2998 ὁ
1899 2932 2258 3011 πολυίςτωρ
2303 2934 2494 3012 φηςὶν
2539 2933 2635 2998 ὅτι
2681 2933 2718 2996 ὁ
2747 2932 2954 2996 Ὕπα-

366 3057 465 3102 νις
514 3040 657 3119 διχῇ
702 3035 1067 3115 ςχιζόμενος
1111 3035 1186 3099 τὸ
1232 3037 1347 3114 μὲν
1390 3036 1462 3099 ἓν
1507 3037 1698 3115 μέρος
1742 3035 1830 3100 εἰς
1860 3037 1975 3114 τὴν
2010 3035 2296 3100 Μαιῶτιν
2329 3035 2551 3115 λίμνην
2598 3035 2834 3119 βάλλει,
2878 3036 2953 3099 τὸ
2989 3045 3053 3094 25

366 3139 436 3203 δ’
483 3137 709 3216 ἕτερον
764 3137 852 3202 εἰς
906 3139 1022 3202 τὸν
1077 3136 1356 3203 Πόντον.
1444 3136 1792 3217 Ἡρόδοτος
1849 3138 1915 3203 δ’
1961 3138 2031 3202 ἐν
2085 3138 2366 3222 τετάρτῳ
2420 3139 2504 3218 (ο.
2552 3138 2651 3202 77.
2699 3137 2809 3219 79)
2852 3138 2955 3201 καὶ

366 3240 611 3319 κρήνην
656 3240 798 3304 τινὰ
826 3239 1058 3316 πικρὰν
1103 3238 1190 3303 εἰς
1221 3239 1420 3308 αὐτὸν
1451 3240 1764 3318 ἐγχεῖςθαι
1809 3242 1912 3305 καὶ
1941 3239 2190 3304 ἄποτον
2220 3243 2432 3304 ποιεῖν
2476 3240 2592 3305 τὸν
2643 3241 2952 3320 ποταμόν.

540 3341 635 3406 Τὰ
679 3342 767 3406 εἰς
810 3344 945 3406 ἴνῖς
989 3344 1092 3406 καὶ
1134 3343 1274 3408 W
1318 3342 1480 3421 ὑπὲρ
1525 3344 1644 3408 δύο
1691 3343 2005 3423 ςυλλαβὰς
2050 3341 2371 3425 ὀξύνεται,
2430 3341 2770 3424 εὐμενίς,
2828 3341 2951 3406 εύ-

365 3443 618 3526 γενίς,
672 3444 1092 3529 Λυκαονίς,
1137 3445 1567 3528 Ἀμαζονίς,
1609 3445 1997 3527 Ἁθμονίς,
2042 3443 2369 3509 Αύςονίς
2411 3445 2449 3524 ἡ
2494 3445 2760 3523 ὕςτερον
2804 3444 2953 3508 Ἰτα-

367 3545 504 3628 λία,
551 3545 983 3623 Ἀντιγονίς
1028 3549 1201 3627 φυλὴ
1247 3552 1358 3626 τῆς
1404 3548 1677 3626 Ἀττικῆς
1722 3546 1841 3612 ὀιπ>
1883 3546 2284 3630 Ἀντιγόνου,
2331 3547 2634 3630 Ἰαονίς,
2681 3547 2951 3612 Βιςτο-
2989 3555 3056 3609 30

365 3648 518 3729 νίς,
563 3646 881 3713 ἐκτέταται
927 3651 998 3714 δὲ
1041 3651 1144 3714 καὶ
1187 3651 1433 3726 λέγεται
1480 3650 1775 3715 Βιςτωνίς
1819 3651 1924 3714 διὰ
1968 3656 2085 3716 τοῦ
2128 3651 2184 3716 ’ὧ
2228 3655 2585 3730 ποιητικῶς.
2659 3649 2953 3728 Ἑρμιο-

365 3749 519 3833 νίς,
564 3748 1159 3834 Λαιςτρυγονίς,
1194 3751 1668 3835 Μακεδονίς,
1702 3750 2162 3836 (τρυμονίς,
2194 3752 2722 3833 Φαρκηδονίς,
2756 3752 2953 3815 Χαλ-

366 3851 708 3930 κηδονίς.
800 3851 1096 3934 (Στράβων
1142 3854 1468 3938 δωδεκάτῃ
1523 3855 1616 3938 (Ρ.
1660 3853 1815 3934 541)
1864 3858 2183 3920 «καλεῖται
2240 3858 2310 3920 δὲ
2364 3856 2444 3919 τὰ
2487 3853 2782 3932 ἀριςτερὰ
2836 3857 2954 3917 τοῦ

365 3953 634 4019 Πόντου
679 3954 989 4039 Θρᾳκικά,
1044 3956 1125 4019 τὰ
1170 3957 1238 4020 δ’
1282 3955 1351 4021 ἐν
1410 3960 1583 4040 δεξιᾷ
1628 3955 2079 4035 Χαλκηδονίς».
2171 3958 2499 4043 Μῃονίς·
2560 3955 2768 4021 οὕτως
2812 3953 2953 4018 ἑκα-

369 4058 545 4120 λεῑτο
591 4056 631 4134 ἡ
681 4057 950 4137 Κύπρος.
1020 4057 1321 4123 Χαονίς.
2988 4067 3051 4118 35

369 4247 550 4310 priore
588 4261 800 4296 canone
836 4247 895 4296 in
930 4261 1094 4296 unum
1131 4248 1453 4298 coniunctus
1489 4253 1574 4298 est
1608 4249 1666 4297 in
1700 4247 1904 4299 Anecd.
1944 4247 2242 4303 Paris.111
2280 4249 2397 4310 296,
2437 4251 2503 4299 23
2538 4244 2610 4298 τὰ
2645 4244 2724 4297 είς
2760 4247 2840 4299 νις
2877 4244 2950 4296 δι-

371 4313 615 4377 ςύλλαβα
651 4313 858 4377 ἔχοντα
894 4313 1006 4378 πρὸ
1041 4313 1240 4366 τέλους
1286 4310 1348 4366 ἓν
1383 4316 1619 4379 φωνῆεν
1657 4316 1872 4380 μακρὸν
1918 4315 1952 4379 ἢ
1990 4314 2384 4377 ἐκτεινόμενον
2421 4316 2522 4382 βαρ
2524 4315 2746 4366 ύνεςθαι
2783 4315 2949 4376 θέλει,

371 4379 421 4432 εἰ
458 4383 531 4446 μὴ
569 4380 1011 4446 ὑποκοριςτικῶς
1047 4382 1421 4446 τετυπωμένα
1459 4382 1494 4446 ἢ
1532 4381 1721 4435 ἐθνικά
1746 4381 1871 4435 οἷον
1908 4382 2119 4448 Θῶνις,
2159 4382 2352 4447 Τάνις,
2400 4330 2522 4434 είςί
2535 4384 2595 4434 δέ
2633 4382 2825 4436 πόλεις
2863 4379 2951 4434 Αἰ-

369 4448 617 4510 γύπτου·
660 4449 813 4513 ἤνις.
846 4453 1003 4515 νῆνις
1039 4449 1073 4513 ἡ
1113 4452 1314 4502 νεᾶνις.
1365 4450 1685 4515 πρόςκειται
1721 4449 1811 4502 «εἰ
1843 4453 1915 4516 μὴ
1956 4451 2397 4516 ὑποκοριςτικῶς
2423 4449 2508 4514 εἴη
2535 4465 2809 4516 τετυπωμ
2811 4451 2950 4503 ένα»

371 4515 460 4568 διὰ
511 4522 614 4570 τοῦ
652 4516 837 4582 φωνίς
881 4517 1007 4569 ἀντὶ
1043 4522 1146 4570 τοῦ
1184 4517 1378 4583 φωνή·
1433 4517 1657 4570 ἐθνικὸν
1709 4519 1770 4571 δὲ
1814 4519 1903 4571 διὰ
1947 4519 2014 4571 τὸ
2052 4518 2246 4583 Θυνίς,
2302 4518 2453 4583 παρὰ
2503 4518 2610 4583 γὰρ
2661 4519 2731 4571 τὸ
2768 4518 2950 4573 Θυνός

372 4582 628 4649 ἐγένετο,
652 4533 758 4638 φώς
796 4585 947 4651 παρὰ
988 4586 1059 4638 τὸ
1096 4585 1309 4651 Λοκρός
1345 4583 1560 4651 Λοκρίς.
1765 4587 1799 4637 1.
1837 4591 1868 4637 6
1908 4586 2143 4639 Κιδαινίς
2178 4617 2245 4624 —-
2282 4586 2617 4649 Μελιγουνίς
2664 4604 2731 4638 ex
2770 4591 2851 4638 St.
2890 4588 2951 4639 B.

374 4653 587 4719 addidi,
627 4655 660 4705 l.
696 4657 728 4705 9
768 4651 1036 4718 Κύραυνιε
1074 4672 1140 4706 ex
1178 4656 1295 4708 eod.
1452 4655 1587 4710 1.12
1625 4653 1889 4720 ετεφανί(
1925 4673 1991 4708 ox
2029 4658 2108 4707 St.
2146 4659 2226 4720 B.‚
2263 4656 2404 4707 unde
2444 4656 2657 4719 reliqua
2695 4653 2950 4708 Ἀνθανί(

377 4747 439 4754 -
479 4720 572 4787 ’Υρ
575 4720 747 4774 κανίς.
933 4724 968 4777 l.
1008 4727 1068 4773 19
1105 4740 1200 4788 pro
1239 4724 1460 4774 Arcadii
1494 4725 1700 4774 verbis:
1739 4724 1829 4776 καὶ
1865 4724 1936 4776 τὸ
1972 4723 2195 4777 Αδανις
2232 4722 2716 4788 προπαροξύνεται
2755 4725 2843 4775 καὶ
2880 4724 2949 4774 τὸ

376 4737 615 4852 ⁹“3‘m‘
650 4791 994 4910 {⁰⁵Rz035555
997 4792 1146 4909 ‘1:3²¹
1171 4793 1322 4922 ἶῗξ
1319 4809 1352 4841 ⁸
1362 4792 1704 4923 ss‘ssflpsstmss
1720 4789 2662 4926 <1²32‘’ax‘’ffiazzzznfivsszzz‘ss‘zae
2693 4794 2951 4926 2225233‘313

379 4927 484 4982 est,
517 4931 571 4976 et
606 4925 848 4978 Ὕπανις
887 4942 952 4976 ex
990 4929 1069 4977 St.
1107 4929 1169 4982 B.
1207 4929 1403 4979 adieci.
1609 4928 1644 4978 1.
1682 4931 1748 4979 29
1791 4929 2063 4981 voeabula
2096 4928 2223 4980 inde
2260 4930 2330 4979 ab
2372 4925 2624 4991 Ἀθμονί(
2670 4944 2845 4994 usque
2882 4929 2952 4979 ad
