3664 5546
1578 399 1995 450 PRAEFATIO.
2766 394 3081 444 CLXXXIX

489 563 703 626 tentia
744 560 1097 646 opponitur
1142 558 1259 622 Ori
1314 556 1602 645 opinioni
1656 579 1720 641 p.
1768 553 2086 635 256,15,
2144 553 2256 616 ubi
2314 555 2517 616 Orum
2578 552 2814 634 ῥειτός,
2870 550 3080 613 Hero-

491 664 760 726 dianum
818 664 993 742 ῥῖτος
1050 660 1391 745 scripsisse
1450 657 1750 744 traditur.
1851 656 2127 720 Duobus
2184 653 2453 739 reliquis
2508 651 2671 717 locis
2736 662 3082 738 propterea

491 765 666 829 Orus
711 764 950 829 citatus
996 762 1287 841 videtur,
1333 759 1508 847 quod
1553 780 1719 844 quae
1763 758 1858 821 ibi
1902 758 2323 842 proferuntur
2357 751 2775 818 Herodianus
2820 753 3082 818 omnino

490 888 623 928 non
683 865 1023 929 docuerat:
1084 887 1148 950 p.
1193 863 1347 941 235,
1395 861 1510 943 32,
1570 859 1742 924 unde
1797 856 2190 923 vocabulum
2248 859 2414 922 λέων
2472 856 2847 943 proveniat,
2905 851 3078 939 quod

490 969 628 1032 Oro
672 976 1104 1053 compertum,
1162 962 1536 1027 Herodiano
1593 962 1890 1044 ignotum
1934 960 2141 1024 fuisse
2198 959 2519 1044 suspicari
2574 958 2757 1039 licet3
2820 979 2885 1042 p.
2930 953 3078 1035 256,

489 1069 607 1148 27,
664 1092 782 1132 cur
836 1069 973 1146 ςιγή
1033 1070 1244 1132 cumi
1289 1065 1645 1144 scribatur,
1705 1062 1881 1148 quod
1942 1062 2098 1125 item
2144 1060 2315 1125 Orus
2378 1061 2602 1139 scivit,
2662 1057 3079 1122 Herodianus

490 1171 803 1253 ignorans
849 1169 1009 1232 satis
1056 1166 1288 1233 habuit
1329 1165 1636 1252 paradosi
1681 1163 1935 1228 fulcire.
1996 1162 2142 1227 Uno
2188 1161 2328 1226 loco
2375 1163 2569 1225 etiam
2613 1162 3078 1246 grammaticus

489 1272 836 1350 Θεόδωρος
882 1271 1120 1334 citatur
1165 1292 1227 1354 p.
1274 1266 1431 1349 243,
1479 1268 1596 1347 22,
1657 1267 1838 1332 cuius
1894 1286 2127 1328 nomen
2185 1263 2692 1327 incertissimum
2745 1274 2873 1345 est,
2930 1285 3080 1327 nam

490 1372 563 1433 in
609 1373 687 1435 Ε.
727 1371 816 1436 M.
863 1372 986 1434 hoc
1041 1371 1184 1457 ipso
1245 1368 1412 1450 loco,
1470 1369 1584 1455 qui
1639 1368 1705 1431 in
1751 1367 1835 1430 E.
1879 1366 1971 1430 M.
2028 1366 2317 1445 transiit,
2376 1366 2700 1431 Θεόδοτος
2756 1376 2820 1429 et
2874 1365 2941 1428 in
3005 1365 3077 1429 Ε.

489 1472 672 1537 Gud.
718 1475 1137 1552 Θεοδώρητος
1181 1482 1487 1552 vocatur3
1533 1492 1661 1533 uno
1703 1468 1846 1533 loco
1890 1468 2038 1548 239,
2092 1467 2168 1531 15
2211 1467 2370 1531 citat
2400 1466 2890 1531 Choeroboscus
2920 1466 3078 1531 Dio-

489 1573 849 1657 genianum
883 1595 998 1658 pro
1041 1582 1303 1636 auctore
1348 1571 1846 1655 significationis
1880 1572 2057 1634 vocis
2101 1571 2309 1651 λάμια.
2370 1568 2493 1632 His
2526 1569 2754 1655 paucis
2788 1570 3079 1654 exceptis

490 1674 986 1738 Choeroboscus
1053 1685 1382 1739 auctorem
1459 1695 1711 1753 eorum,
1788 1694 1954 1757 quae
2018 1671 2237 1750 docet,
2311 1671 2561 1757 profert
2628 1669 2880 1734 nullum
2953 1693 3079 1735 non

486 1775 684 1839 aliam
750 1778 832 1840 ob
900 1798 1165 1840 causam
1231 1797 1428 1862 quam
1485 1773 1661 1860 quod
1715 1774 2042 1837 neminem
2098 1773 2225 1836 nisi
2282 1772 2727 1836 Herodianum
2793 1781 3078 1836 sectatus

490 1888 625 1959 cst3
675 1900 825 1940 nam
868 1878 982 1942 ubi
1027 1875 1405 1940 Herodiano
1453 1875 1853 1960 antiquiores
1900 1875 2119 1953 affert,
2177 1872 2338 1942 haec
2386 1875 2761 1937 testimonia
2806 1896 2889 1938 ex
2934 1876 3076 1960 ipso

489 1978 873 2042 Herodiano
929 1979 1166 2064 petivit
1219 1974 1400 2041 velut
1455 2000 1517 2063 p.
1567 1977 1724 2055 259,
1770 1976 1854 2038 23
1869 2024 1887 2056 ,
1944 1975 2059 2040 ubi
2106 1975 2476 2055 Philoxeni,
2534 1999 2596 2061 p.
2644 1975 2800 2054 272,
2846 1976 2916 2055 3,
2962 1976 3078 2041 ubi

488 2078 861 2165 Tryphonis
909 2081 1148 2143 mentio
1197 2079 1288 2143 fit.
1380 2077 1508 2141 Sed
1555 2076 1882 2141 interdum
1930 2075 2307 2142 Herodiano
2364 2075 2751 2141 adversatur
2797 2077 3076 2141 Choero-

487 2182 732 2245 boscus
790 2206 851 2267 p.
895 2181 1054 2260 267,
1101 2182 1171 2260 3,
1242 2179 1356 2243 ubi
1413 2181 1549 2242 eius
1615 2178 1929 2265 placitum
1994 2183 2165 2258 τρεῖς
2232 2181 2335 2244 διά
2401 2185 2513 2257 τῆς
2579 2200 2631 2242 ει
2719 2181 3077 2260 διφθόγγου

486 2285 840 2363 γράφεςθαι
883 2283 992 2347 ἵνα
1037 2285 1118 2362 μὴ
1176 2283 1527 2366 ςυνεμπέςῃ
1581 2290 1674 2363 τῷ
1729 2283 1863 2360 τρίς
1920 2281 2290 2360 ἐπιρρήματι
2349 2290 2415 2343 et
2468 2278 2614 2342 aliis
2675 2283 3075 2364 argumentis

485 2385 837 2470 impugnat
892 2393 956 2447 et
1001 2405 1162 2462 uno,
1219 2381 1397 2468 quod
1443 2383 1955 2468 Byzantinorum
2012 2381 2589 2465 grammaticorum
2647 2381 3075 2446 subtilitatem

487 2485 742 2550 redolet
784 2486 951 2550 ἔςτιν
998 2485 1118 2550 οὖν
1176 2486 1379 2550 εἰπεῖν
1436 2486 1638 2550 αἰτίαν
1694 2485 2025 2566 τοιαύτην,
2085 2485 2177 2548 δι’
2220 2484 2299 2561 ἢν
2355 2485 2430 2547 τὸ
2475 2488 2643 2560 τρεῖς
2698 2485 2803 2547 διὰ
2855 2489 2967 2561 τῆς
3012 2489 3076 2548 ᾖ

489 2589 852 2668 διφθόγγου
897 2588 1238 2667 γράφεται·
1285 2590 1409 2651 πᾶς
1454 2586 1717 2665 ἀριθμὸς
1762 2585 1949 2650 ἐντὸς
1993 2591 2125 2649 τῶν
2159 2585 2481 2662 ςτοιχείων
2513 2586 2679 2648 θέλει
2711 2584 2881 2663 ἔχειν
2913 2608 3075 2650 ςτοι-

399 2743 406 2750 .
487 2693 671 2768 χεῑον
717 2689 786 2753 ἐκ
841 2694 970 2753 τῶν
1029 2689 1212 2753 ἐντὸς
1266 2692 1378 2765 τῆς
1433 2688 1730 2752 δεκάδος·
1788 2687 1824 2752 ὁ
1883 2686 1975 2750 εἷς
2031 2685 2294 2765 ἀριθμὸς
2350 2686 2480 2763 ἔχει
2532 2687 2608 2750 τὸ
2665 2689 2729 2767 ἒ,
2789 2687 2951 2765 ὅπερ
3008 2689 3076 2752 ἐκ

487 2799 620 2855 τῶν
687 2792 869 2856 ἐντὸς
934 2796 1045 2869 τῆς
1112 2792 1379 2855 δεκάδος
1444 2790 1607 2854 ἐςτίν
1665 2793 1793 2853 κτλ.
1894 2788 2000 2850 Ex
2056 2786 2177 2850 hoe
2235 2787 2408 2867 loco,
2466 2787 2579 2850 ubi
2640 2786 2883 2851 diserte
2938 2789 3075 2851 suis

487 2891 710 2955 verbis
757 2890 1052 2977 disputat
1097 2891 1627 2973 ChoeroboscuS,
1684 2887 1882 2957 facile
1927 2889 2321 2975 perspicitur
2365 2888 2625 2975 proprio
2672 2911 2817 2952 eum
2864 2890 3075 2955 Marte

489 3014 783 3079 pugnare
828 3015 890 3077 p.
934 2993 1080 3076 275,
1124 2992 1206 3055 28
1251 2995 1327 3057 τὸ
1373 2994 1560 3071 χίλιοι
1607 2994 1711 3056 διὰ
1753 2997 1872 3057 τοῦ
1916 2995 1937 3055 i
1979 2993 2291 3072 γράφεται
2348 2993 2451 3055 διὰ
2497 2991 2798 3069 τοιαύτην
2843 2994 3075 3058 αἰτίαν·

489 3100 614 3158 πᾶς
668 3093 929 3174 ἀριθμὸς
985 3095 1057 3159 ἐν
1112 3102 1188 3176 τῇ
1254 3094 1536 3178 ἀρχούςῃ
1595 3096 1753 3159 κατὰ
1817 3095 1935 3171 τὴν
2001 3095 2231 3172 φωνὴν
2301 3092 2742 3171 ςυνεμπίπτων
2810 3094 3074 3174 ὀνόματι

489 3197 800 3273 ςτοιχείου
844 3198 946 3260 καὶ
990 3198 1106 3275 τὴν
1152 3197 1350 3275 αὐτὴν
1398 3196 1573 3279 αὐτῷ
1620 3196 1927 3275 φυλάττει
1982 3197 2241 3274 γραφὴν
2288 3193 2432 3259 οἷον
2489 3194 2527 3258 ὁ
2572 3194 2763 3259 εἴκοςι
2810 3195 3073 3275 ἀριθμὸς

488 3298 559 3361 ἐν
603 3304 679 3380 τῇ
724 3296 1006 3381 ἀρχούςῃ
1051 3298 1211 3362 κατὰ
1254 3300 1371 3375 τὴν
1416 3300 1645 3377 φωνὴν
1692 3296 2096 3375 ςυνεμπίπτει
2150 3303 2242 3380 τῷ
2289 3302 2340 3359 ἐἶ
2398 3299 2716 3381 ςτοιχείψ,
2763 3298 2928 3361 ἀλλὰ
2974 3300 3076 3362 καὶ

487 3401 603 3476 τὴν
663 3399 862 3476 αὐτὴν
920 3399 1096 3482 αὐτῷ
1152 3399 1454 3478 φυλάττει
1512 3400 1788 3478 γραφήν.
1890 3397 2038 3464 Hoc
2096 3407 2161 3460 et
2217 3396 2458 3460 similia
2511 3395 2594 3460 de
2655 3420 2772 3461 suo
2830 3398 3075 3467 adiecit

489 3498 814 3562 Chocrob.
830 3501 1004 3584 ,qui
1049 3522 1129 3562 ne
1175 3498 1414 3561 Latina
1456 3497 1722 3584 quidem
1767 3497 2095 3565 vocabula
2136 3499 2502 3565 immiscere
2543 3498 2876 3564 dubitavit
2919 3522 2977 3565 e.
3006 3524 3070 3585 g.

487 3599 759 3681 269,19
801 3602 994 3679 τέρρα
1037 3610 1111 3663 ut
1153 3603 1222 3663 in
1267 3600 1550 3686 1)ἰο1;.Ρ.
1604 3600 1839 3683 134,1
1887 3601 2081 3680 κόμης
2123 3600 2397 3679 κόμητος
2451 3604 2527 3665 τὸ
2585 3601 2690 3666 ἐπὶ
2746 3608 2854 3679 τῆς
2901 3603 3075 3669 ἀξίας

487 3723 707 3767 comcs
754 3696 1011 3765 comitis
1055 3700 1332 3764 infersit
1342 3692 1655 3767 Graecis.
1743 3700 2031 3764 Maxime
2088 3700 2145 3763 ei
2193 3700 2627 3765 diffidendum
2683 3715 2781 3767 est
2826 3702 2891 3766 in
2937 3714 3072 3788 et3-

487 3800 818 3885 mologiiS,
864 3823 1023 3886 quas
1069 3803 1429 3887 proposuit.
1522 3802 1693 3865 Nam
1736 3822 2131 3889 quamquam
2178 3801 2593 3867 Herodianus
2652 3805 2736 3868 ab
2790 3804 3073 3871 audacia

487 3903 931 3986 coniectandi,
978 3925 1106 3990 qua
1150 3915 1402 3967 veteres
1436 3904 1696 3966 omnino
1728 3902 2083 3986 excellunt,
2128 3924 2258 3966 non
2305 3903 2640 3988 abhorret,
2686 3917 2901 3969 tamen
2942 3930 3069 3970 non

487 4006 739 4088 omnia,
780 4027 947 4089 quae
1000 4004 1323 4069 Choerob.
1376 4005 1660 4090 profert,
1711 4005 1771 4067 ei
1826 4017 1979 4069 sunt
2034 4004 2438 4091 imputanda.
2531 4006 2660 4070 Sed
2702 4007 2986 4091 plurima
3032 4030 3071 4071 a

486 4105 940 4171 Choerobosco
973 4129 1055 4169 ex
1086 4104 1463 4169 Herodiano
1496 4106 1830 4191 exscripta
1861 4128 2004 4169 esse
2035 4106 2268 4170 coniici
2298 4117 2549 4192 potest,
2593 4130 2790 4194 quum
2823 4107 3068 4189 multis»,

486 4230 654 4293 quae
679 4230 783 4293 ap.
810 4208 1332 4272 Choeroboscum
1368 4208 1507 4271 sine
1532 4206 1895 4270 Herodiani
1921 4208 2178 4269 nomine
2201 4206 2500 4291 legimus,
2529 4207 2684 4272 alibi
2712 4208 3067 4273 Herodiani

486 4330 720 4371 nomen
766 4308 1061 4372 additum
1107 4309 1215 4371 sit.
1307 4307 1737 4372 Adnotationi
1797 4308 1877 4372 de
1933 4308 2274 4388 ὀρίγανον,
2332 4331 2498 4394 quae
2552 4308 2698 4373 aliis
2756 4310 3067 4374 admixtis

486 4418 708 4472 exstat
763 4431 869 4494 ap.
927 4408 1160 4474 Chocr.
1219 4410 1343 4472 243
1398 4409 1658 4473 nomine
1713 4413 1982 4489 οιιτίεεο,
2052 4410 2495 4494 subscriptum
2563 4422 2663 4475 est
2720 4414 2783 4475 in
2842 4411 2920 4473 Ε.
2977 4411 3067 4475 Μ.

486 4511 643 4592 630,
698 4511 771 4572 18
815 4511 1241 4589 Ἡρωδιανός;
1287 4509 1600 4574 articulus
1656 4515 1813 4588 ξῑρις
1859 4531 1961 4595 ap.
2012 4510 2241 4576 Olioer.
2289 4512 2414 4573 242
2460 4512 2835 4575 Herodiano
2882 4515 3065 4576 attri-

488 4610 709 4673 buitur
753 4611 820 4672 in
867 4611 945 4673 Ε.
978 4610 1155 4675 Gud.
1204 4622 1270 4675 et
1316 4612 1394 4675 E.
1425 4610 1552 4691 M.,
1600 4612 1757 4673 item
1801 4612 2036 4691 ἑρείπω
2083 4611 2315 4677 Choer.
2347 4613 2494 4692 200,
2548 4613 2620 4674 12
2666 4613 2731 4674 in
2778 4611 2855 4675 Ε.
2891 4613 3066 4677 Gud.

486 4722 553 4774 et
609 4713 685 4774 Ε.
733 4711 823 4774 M.
842 4759 860 4791 ‚
918 4713 1267 4779 ὀπτανεῖον
1326 4711 1557 4775 Choer.
1604 4712 1760 4791 245,
1827 4713 1903 4775 14
1957 4714 2023 4776 in
2080 4713 2158 4776 E.
2213 4714 2304 4777 M.
2359 4751 2442 4761 —-—
2499 4714 2909 4797 Comparatis
2966 4713 3065 4778 his

484 4810 647 4876 locis
693 4811 1126 4899 intellegimus
1174 4814 1239 4876 in
1285 4812 1584 4898 originali
1631 4812 2071 4878 Choerobosci
2117 4815 2283 4880 libro
2340 4815 2600 4899 saepius
2654 4836 2849 4898 quam
2893 4837 3066 4883 nunc
