3664 5546
645 432 652 449 ,
690 391 783 438 Lx
1766 388 2185 437 PRAEFATIO.
2277 437 2291 447 ,

688 547 1182 627 παραληγόμενα
1236 548 1273 626 ἢ
1330 547 1545 625 τρίτην
1601 545 1730 610 ἀπὸ
1786 545 2013 609 τέλους
2068 545 2197 624 ἔχει
2254 546 2370 623 τὴν
2432 543 2645 611 ὀξεῖαν
2712 546 2801 608 ὡς
2856 543 2932 606 τὸ
2998 542 3258 624 ἄγκυρα,

687 650 923 733 ὄλυρα,
975 651 1284 732 Κέρκυρα,
1328 649 1615 727 γόργυρα
1657 648 1695 726 ἢ
1726 647 2149 726 παροξύνεται
2197 648 2287 711 ὡς
2317 647 2391 711 τὸ
2423 647 2694 729 Ἐφύρα,
2740 648 3069 730 πορφύρα,
3116 651 3260 712 κολ-

687 754 880 836 λύρα,
925 752 1221 833 Ζεφύρα,
1270 751 1461 833 λύρα,
1507 751 1700 832 θύρα,
1755 749 1793 827 ἢ
1841 753 2344 827 προπεριςπᾶται
2401 750 2490 814 ὡς
2547 753 2756 829 ςφῦρα
2800 749 2952 814 οὐδ’
2996 749 3093 813 ὅτι
3141 748 3259 814 οὖν

687 856 850 920 ἐςτιν
896 855 1317 933 ὀξυνόμενον·
1363 856 1701 931 ςημειῶδες
1745 850 1870 930 ἄρα
1912 851 1988 914 τὸ
2033 851 2220 929 πυρά.
2289 853 2365 917 τὸ
2411 853 2482 915 δὲ
2528 852 2829 935 «Γυρῇςίν
2874 872 2978 931 μιν
3020 888 3108 897 -
3150 853 3257 916 πέ-

686 978 858 1040 τρῃςι
903 956 1275 1038 μεγάλῃςι»,
1321 955 1375 1018 εἰ
1417 955 1520 1018 καὶ
1564 953 1737 1018 ἰδίως
1781 954 2060 1036 λέγεται,
2105 952 2247 1018 ἀλλ’
2290 953 2465 1033 ὅμως
2511 953 2641 1032 ἔχει
2669 955 2842 1020 τάξιν
2888 953 3258 1033 ἐπιθετικήν.

688 1060 934 1134 λέγεται
980 1059 1051 1122 δὲ
1106 1057 1207 1120 καὶ
1262 1058 1407 1135 περὶ
1460 1057 1708 1120 τούτων
1765 1076 1872 1134 μοι
1927 1056 2190 1121 πάντων
2248 1056 2317 1120 ἐν
2373 1058 2541 1119 τοῖς
2597 1057 2774 1134 περὶ
2830 1060 3259 1134 καθολικῆς

686 1159 1143 1243 προςῳδίας.
1205 1156 1378 1222 Hine
1422 1157 1855 1242 comperimtis
1887 1154 2341 1221 Herodianum
2377 1156 2457 1220 de
2502 1159 2709 1220 omnis
2755 1157 3010 1240 generis
3055 1156 3260 1221 nomi-

686 1261 877 1324 nibus
933 1260 1002 1322 in
1055 1265 1179 1339 ὓρῖι
1235 1258 1652 1346 exposuisse,
1720 1257 1802 1322 de
1867 1256 2211 1344 bisyllabis
2267 1257 2693 1345 paroxytonis
2759 1261 2921 1338 λύρα
2978 1261 3140 1339 θύρα
3197 1268 3261 1323 et

686 1361 992 1447 oxytonis
1046 1364 1250 1446 πυρά,
1312 1364 1494 1442 Γυραί
1547 1364 1771 1441 πέτραι
1828 1369 1896 1424 et
1949 1361 2534 1447 properispomenis
2591 1366 2831 1444 ςφῡρα,
2887 1362 2969 1425 de
3022 1361 3257 1448 hyper-

686 1462 1027 1550 disyllabis
1071 1463 1618 1550 proparoxytonis
1665 1464 1939 1545 ἄγκυρα,
1998 1463 2234 1547 ὄλυρα,
2283 1464 2595 1546 Κέρκυρα,
2649 1464 2937 1543 γόργυρα
2991 1474 3058 1527 et
3115 1487 3256 1549 par-

686 1567 988 1651 oxytonis
1035 1567 1305 1650 Ἐφύρα,
1350 1568 1684 1647 πορφύρα,
1732 1567 2031 1646 κολλύρα.
2059 1602 2147 1611 -
2175 1564 2498 1630 Arcadius
2544 1585 2855 1628 canonem
2900 1564 2982 1629 de
3023 1563 3256 1651 hyper-

687 1665 1028 1754 disyllabis
1074 1679 1378 1733 accurate
1420 1656 1780 1755 retulit‘(p.
1819 1669 1962 1750 101,
1998 1667 2106 1751 103
2155 1689 2304 1731 nam
2350 1667 2455 1749 97,
2486 1668 2527 1732 6
2570 1666 2743 1731 idem
2785 1688 2995 1731 canon
3039 1669 3255 1732 minus

686 1780 912 1834 exacte
967 1773 1280 1857 repetitus
1333 1770 1462 1856 est)
1509 1769 1758 1835 addens
1811 1781 2151 1856 praeterea
2207 1771 2506 1851 Γλαφυρὰ
2560 1770 2685 1835 εἴτε
2740 1768 2949 1849 ὄνομα
3000 1772 3257 1836 πόλεως

684 1872 781 1951 εἴη
827 1872 953 1937 εἴτε
1009 1874 1388 1949 ἐπιθετικόν;
1446 1872 1563 1937 sed
1619 1878 1828 1955 ςφῦρα
1883 1883 1949 1938 et
2001 1873 2173 1952 πυρά
2232 1872 2299 1934 in
2354 1870 2641 1956 generali
2698 1880 2952 1935 tantum
3006 1894 3257 1937 canone

684 1996 830 2037 cum
873 1973 1212 2039 vocabulis
1257 1974 1401 2038 aliis
1446 1972 1785 2040 vocalibus
1817 1974 1923 2039 vel
1968 1973 2389 2061 diphthongis
2421 1972 2781 2060 praefinitis
2814 1973 3254 2058 proferuntur.

687 2075 861 2141 Hinc
905 2088 1085 2141 certo
1127 2074 1421 2141 concludi
1463 2087 1682 2162 potest
1726 2098 2040 2141 canonem
2086 2076 2167 2140 de
2211 2075 2556 2162 bisyllabis
2612 2076 2678 2139 in
2735 2082 2857 2156 ιΤρΤι
2900 2099 3004 2163 ap.
3050 2076 3253 2142 Area-

684 2176 864 2241 dium
909 2180 1221 2243 omissum
1265 2201 1442 2260 esse,
1500 2178 1612 2265 qui
1656 2177 1950 2244 consulto
2005 2178 2127 2243 hoc
2169 2178 2662 2243 Monadicorum
2716 2178 2858 2246 loco
2915 2188 2981 2243 et
3023 2178 3250 2244 Dichr.

682 2280 826 2361 288,
869 2280 914 2344 4
957 2291 1022 2345 et
1066 2279 1362 2365 Theogn.
1412 2280 1553 2375 10],
1599 2281 1681 2344 28
1724 2280 1982 2345 restitui
2026 2291 2261 2365 potest.

853 2383 1027 2447 Mon.
1080 2382 1179 2464 18,
1225 2382 1266 2445 2
1311 2384 1577 2468 ἐρῳδιὸς
1621 2384 1841 2467 agitur
1884 2382 1965 2446 de
2010 2392 2283 2447 accentu
2326 2383 2657 2448 nominum
2702 2370 2976 2450 in—bio—c:
3037 2384 3257 2449 omnia

684 2506 827 2549 esse
870 2468 1402 2571 proparoxytona
1454 2495 1713 2572 praeter
1766 2484 2113 2571 trisyllaba
2171 2486 2433 2571 propria
2484 2508 2542 2549 e.
2586 2508 2648 2569 g.
2706 2487 2993 2567 (χεδίος,
3051 2508 3253 2550 unum

684 2588 949 2673 ἐρῳδιὸς
1005 2597 1362 2674 oxytonum
1418 2610 1591 2670 esse,
1659 2587 1834 2675 quod
1900 2587 2227 2653 interdum
2284 2587 2478 2652 etiam
2553 2589 2786 2673 ῥῳδιός
2848 2587 3248 2674 proferatur:

682 2692 796 2769 τὴν
843 2692 913 2756 δὲ
960 2690 1134 2756 λύςιν
1179 2690 1428 2756 τούτων
1475 2692 1544 2757 ἐν
1589 2699 1681 2778 τῷ
1727 2693 1995 2778 πέμπτῳ
2040 2693 2186 2771 περὶ
2230 2694 2564 2769 καθολικῆς
2621 2692 2979 2777 προςῳδίας
3034 2692 3252 2771 ἐποιη-

683 2794 914 2876 ςάμην,
959 2792 1133 2857 unde
1177 2794 1624 2877 cognoscimus
1670 2795 1737 2858 in
1782 2793 2122 2859 Catholica
2165 2815 2397 2857 causas
2443 2793 2773 2858 abnormis
2834 2793 3082 2858 tonosis
3142 2816 3253 2857 ex-

680 2894 928 2980 positas
973 2893 1178 2959 fuisse
1224 2905 1288 2960 et
1329 2895 1675 2976 traditum,
1721 2895 2045 2982 quomodo
2091 2904 2395 2959 accentus
2449 2917 2589 2960 voe.
2638 2896 2894 2976 (χεδίος
2938 2917 3252 2960 excusan-

684 2995 803 3059 dus
865 2996 965 3063 sit.
1055 2997 1377 3062 Arcadius
1435 2997 1557 3061 hoc
1615 2998 1909 3062 servavit
1950 2997 2062 3078 39,
2125 2997 2200 3059 17
2254 2999 2417 3075 πρὸς
2471 3001 2805 3077 διαςτολὴν
2861 2999 3095 3076 κυρίων
3150 3001 3254 3064 καὶ

683 3098 1020 3174 ἐπιθέτων;
1090 3098 1205 3162 sed
1272 3097 1591 3183 quomodo
1648 3098 2041 3184 oxytonesin
2108 3099 2288 3162 vocis
2346 3099 2612 3184 ἐρῳδιὸς
2666 3098 2922 3164 fulserit
2974 3097 3251 3182 Herod„

684 3197 1184 3290 Arcadiusnon
1241 3199 1525 3280 addidit,
1586 3222 1976 3287 quamquam
2034 3221 2378 3281 canonem,
2435 3202 2538 3265 cui
2594 3202 2860 3286 ἐρῳδιὸς
2915 3202 3248 3267 subiectus

681 3307 818 3379 est,
876 3299 1243 3382 generalem
1301 3303 1499 3367 habet
1552 3325 1617 3388 p.
1672 3302 1757 3365 42
1809 3304 1889 3367 τὰ
1946 3303 2033 3367 εἰς
2090 3310 2185 3368 soc
2240 3304 2779 3384 ὑπερτριςύλλαβα
2832 3305 2935 3369 ἐπὶ
2989 3304 3249 3381 ἀλόγων

681 3404 869 3484 Ζῴων
915 3401 1234 3486 ὀξύνεται,
1280 3404 1602 3488 αἰγυπιὸς,
1647 3406 2020 3488 χαραδριός,
2065 3406 2347 3488 ἐρῳδιὸς.
2436 3403 2845 3470 Exciderunt
2896 3406 3096 3490 igitur
3141 3428 3247 3491 ap.

679 3501 1037 3566 Arcadium
1082 3502 1242 3568 haec
1286 3504 1422 3568 fere
1466 3506 1700 3587 verba,
1748 3529 1915 3592 quae
1959 3506 2027 3570 in
2072 3505 2398 3573 simillimo
2456 3507 2596 3573 loco
2638 3505 2793 3572 libri
2836 3510 2981 3587 περὶ
3023 3513 3247 3574 παθῶν

682 3604 760 3668 Ε.
812 3604 1034 3670 Orion.
1081 3606 1193 3686 57,
1247 3606 1354 3684 12,
1402 3606 1483 3670 Ε.
1529 3606 1619 3672 M.
1663 3608 1820 3690 380,
1868 3609 1953 3674 30
1995 3618 2286 3674 exstant:
2347 3610 2804 3689 ἐξηκολούθηςε
2849 3613 2920 3675 δὲ
2964 3614 3102 3675 τοῖς
3146 3609 3248 3674 ἐπὶ

682 3707 948 3786 ὀρνέων.
1037 3710 1116 3773 τὰ
1159 3712 1280 3789 γὰρ
1325 3710 1414 3775 εἰς
1461 3713 1531 3774 (ῖς
1578 3712 1819 3790 καθαρὰ
1864 3718 1956 3796 τῷ
1999 3716 2020 3778 i
2062 3714 2559 3792 παραληγόμενα
2598 3714 2764 3791 ,ὑπὲρ
2809 3715 2976 3791 τρεῖς
3020 3715 3247 3777 ςυλλαν

627 3855 642 3861 -
683 3811 797 3890 βὰς
841 3810 944 3875 ἐπὶ
988 3811 1236 3890 ὀρνέων
1268 3811 1635 3895 ὀξύνονται,
1681 3822 1747 3877 et
1777 3813 1859 3876 ad
1890 3813 2332 3878 excusandam
2363 3811 2693 3899 trisyllabi
2726 3815 2958 3899 ῥῳδιὸς
2989 3814 3248 3879 tonosin

680 3910 840 3975 haec
892 3911 1137 3977 ibidem
1194 3913 1476 3998 prolata:
1547 3917 1621 3981 τὸ
1688 3916 1921 4000 ῥῳδιός
1990 3917 2078 3982 ὡς
2131 3919 2245 3996 μἐν
2301 3918 2463 3995 πρὸς
2518 3918 2634 3995 τὴν
2690 3918 3022 3995 ςυνήθειάν
3082 3917 3244 3982 ἐςτιν

678 4015 1032 4098 ἀφαίρεςις,
1078 4017 1168 4080 ὡς
1212 4020 1283 4081 δὲ
1328 4018 1489 4096 πρὸς
1531 4019 1646 4083 τὸν
1692 4020 2109 4099 ςχηματιςμόν
2154 4018 2419 4084 ἐντελές.

847 4114 1024 4180 Mon.
1063 4117 1179 4198 20,
1225 4118 1264 4182 8
1309 4120 1625 4198 καρκίνος;
1676 4121 1871 4186 οὐδὲν
1915 4121 2005 4186 εἰς
2049 4123 2165 4185 VKc
2211 4124 2410 4199 λῆγον
2443 4121 2603 4199 ὑπὲρ
2646 4120 2764 4186 δύο
2806 4121 3120 4201 ςυλλαβὰς
3151 4127 3243 4205 τῷ

678 4222 700 4283 i
744 4221 1215 4303 ςυνεςταλμένῳ
1261 4223 1791 4302 παραληγόμενον
1837 4224 2290 4305 παροξύνεται,
2336 4222 2477 4287 ἀλλ’
2511 4224 2650 4302 ἤτοι
2693 4224 3244 4302 προπαροξύνεται

680 4321 769 4386 ὡς
814 4322 888 4385 τὸ
934 4321 1222 4404 δρύϊνος,
1270 4324 1539 4407 λίθινος,
1585 4327 1859 4406 φήγινος
1917 4327 2019 4389 καὶ
2074 4326 2189 4390 ὅςα
2245 4326 2369 4389 ἐςτὶ
2413 4325 2663 4389 τούτοις
2719 4325 2960 4405 ἐμφερῆ
3016 4327 3055 4404 ἢ
3101 4325 3275 4402 ὀξύ-,

678 4443 850 4487 νεται
907 4423 995 4486 ὡς
1047 4425 1122 4487 τὸ
1179 4424 1428 4504 ἐαρινὸς
1481 4427 1728 4506 θερινὸς
1780 4429 2074 4510 πυκινὸς,
2133 4426 2323 4492 οὐδὲν
2383 4427 2453 4491 δέ
2508 4427 2631 4491 ἐςτι
2691 4428 3245 4505 παροξυνόμενον·

678 4526 778 4589 διὸ
825 4525 1191 4589 ἐπιςτατέον
1235 4534 1327 4612 τῷ
1373 4529 1693 4606 καρκίνος·
1749 4531 1851 4593 καὶ
1896 4530 2099 4608 μόνον
2153 4529 2276 4606 γὰρ
2338 4528 2758 4606 παροξύνεται
2813 4530 2914 4592 καὶ
2967 4528 3004 4592 ὁ
3049 4528 3246 4593 αὐτὸς

675 4626 867 4690 τόνος
913 4627 1012 4689 καὶ
1057 4626 1160 4690 ἐπὶ
1202 4633 1318 4694 τοῦ
1362 4629 1596 4714 ζῳδίου
1639 4631 1756 4694 τοῦ
1802 4631 1871 4694 ἐν
1919 4631 2179 4713 οὐρανῷ
2240 4629 2476 4710 ὁμοίως
2521 4632 2622 4695 καὶ
2663 4634 2781 4694 τοῦ
2825 4629 3158 4694 θαλαςςίου
3202 4631 3242 4709 ἢ

676 4727 957 4801 ἐπιγείου
1002 4729 1104 4792 καὶ
1144 4734 1260 4794 τοῦ
1305 4731 1524 4809 κυρίου
1567 4731 1670 4795 καὶ
1710 4735 1827 4794 τοῦ
1874 4731 2233 4808 ἐργαλείου·
2291 4733 2371 4796 οὐ
2416 4733 2538 4810 γὰρ
2584 4732 2775 4808 ὑγιῶς
2831 4752 2997 4796 τινες
3049 4735 3241 4795 τοῦτο

678 4829 1249 4920 πιροπαροξύνουςι.
1347 4833 1494 4911 περὶ
1557 4834 1628 4897 δὲ
1693 4832 1931 4896 τούτου
2001 4832 2333 4899 ἐντελῶς
2398 4833 2636 4913 εἴρηται
2691 4834 2770 4899 ἐν
2835 4837 3004 4898 τοῖς
3068 4834 3244 4911 περὶ
