3664 5546
617 302 744 368 242
819 268 828 275 ’
1550 306 1632 362 εκ
1670 306 1809 361 mu
1851 304 2258 361 ΗΡΩΔιΑΝοΥ

784 474 878 539 Τὰ
932 472 1022 540 εἰς
1076 474 1193 544 Γυς
1247 477 1699 558 πολυςύλλαβα
1759 476 1933 542 ἁπλᾶ
1988 477 2102 556 μὲν
2168 474 2327 541 ὄντα
2389 476 2790 558 περιςπᾶται,
2855 473 3187 555 ἁπλοῦς,

616 578 976 660 διπλοῦς,
1021 582 1430 662 τριπλοῦς,
1474 582 1842 644 πλακοῦς.
1913 576 2293 658 (χοινοῦς
2336 577 2660 656 Ἀρκαδία(
2703 577 2958 657 χωρίον.
3029 575 3186 640 ἑλώ-

616 683 730 758 δης
779 680 871 744 ὢν
923 679 961 744 6
1004 681 1205 748 τόπος
1249 681 1379 747 ἀπὸ
1423 685 1553 746 τῶν
1597 680 1668 746 ἐν
1714 680 1892 764 αὐτῷ
1936 680 2209 760 ςχοίνων
2252 680 2368 759 τὴν
2412 679 2841 759 προςηγορίαν
2895 676 3188 758 εἴληφεν·

513 785 525 797 ’
615 780 985 849 ἐπιπολάζει
1030 784 1152 864 γὰρ
1197 788 1389 849 τοῦτο
1432 783 1508 848 τὸ
1554 780 1730 847 εἶδος
1759 781 1920 860 παρ’
1949 782 2238 861 Ἕλληςιν
2282 780 2414 847 ἀπὸ
2456 786 2587 846 τῶν
2618 781 2689 847 ἐν
2733 782 2956 846 τόποις
2994 782 3187 843 πλεο-

556 893 589 944 5
619 884 947 950 ναζόντων
992 890 1218 966 φυτῶν
1264 884 1409 952 οἷον
1455 884 1862 967 (κιλλοῦς,
1907 883 2093 949 πόλις
2135 883 2514 967 Τριφυλική,
2559 883 2985 963 Τρεμιθοῦς
3013 880 3187 961 κώμη

617 985 874 1065 Κύπρου
918 986 1049 1053 ἀπὸ
1102 992 1234 1053 τῶν
1289 989 1436 1067 περὶ
1489 988 1604 1052 τὸν
1660 986 1866 1051 τόπον
1922 989 2294 1066 πεφυκυιῶν
2337 986 2747 1069 τερεβίνθων,
2803 984 2879 1051 ἃς
2926 984 3187 1062 Κύπριοι

611 1088 944 1167 τρεμίθους
989 1093 1302 1155 καλοῦςιν.
1382 1088 1569 1154 ἄλλοι
1614 1091 1685 1153 δὲ
1740 1088 1933 1169 φαςὶν
1978 1087 2076 1152 ὅτι
2136 1086 2459 1167 ἀποβάςης
2503 1087 2879 1168 Ἀφροδίτης
2932 1086 3019 1151 εἰς
3071 1085 3186 1150 τὸν
3282 1115 3300 1131 ·

610 1189 818 1254 τόπον
864 1191 969 1255 διὰ
1012 1192 1128 1271 τὴν
1172 1191 1525 1271 παρουςίαν
1569 1193 1679 1269 τῆς
1723 1190 2028 1270 δαίμονος
2071 1190 2200 1254 ὑπὸ
2243 1188 2485 1269 τρόμου
2530 1190 3039 1270 διαςαλευθῆναι,
3085 1187 3186 1251 διὸ

610 1292 713 1354 καὶ
768 1291 1199 1372 Τρεμιθοῦντα
1264 1296 1585 1372 κληθῆναι.
1628 1328 1716 1339 -
1757 1292 2141 1371 Δαφνοῦς
2198 1290 2449 1368 Φωκικὴ
2515 1291 2702 1357 πόλις
2754 1326 2840 1339 -
2893 1289 3020 1355 ἔςτι
3083 1288 3189 1353 καὶ

511 1399 576 1451 10
612 1395 810 1472 δῆμος
852 1393 1117 1474 πληςίον
1161 1398 1272 1474 τῆς
1320 1395 1420 1460 Κῶ
1465 1394 1502 1459 ὁ
1547 1395 1866 1474 Δαφνοῦς
1899 1394 2242 1474 λεγόμενος
2270 1428 2356 1441 —
2385 1392 2760 1459 (Σελινοῦς
2803 1392 2988 1457 πόλις
3019 1390 3184 1456 (ικε-

612 1494 746 1559 λίας
773 1493 1113 1574 ἀρςενικῶς
1142 1497 1244 1560 καὶ
1287 1498 1574 1575 θηλυκῶς
1620 1495 1931 1576 λεγομένη
1960 1530 2046 1543 ——
2078 1495 2502 1561 Φοινικοῦς
2532 1495 2717 1560 πόλις
2751 1495 3014 1574 Κρήτης·
3059 1494 3186 1559 ἔςτι

610 1597 712 1660 καὶ
755 1598 946 1673 νῆςος
988 1598 1151 1676 πρὸς
1195 1604 1270 1682 τῇ
1315 1597 1536 1682 Λυκίᾳ·
1578 1598 1704 1663 ἔςτι
1749 1599 1852 1662 καὶ
1894 1596 2232 1663 Φοινικοῦς
2277 1598 2476 1677 λιμήν.
2552 1598 2941 1676 Θουκυδίδης
2985 1595 3186 1680 ὀγδόῃ

608 1697 692 1778 (c.
738 1697 866 1780 34).
931 1699 1240 1765 Φυκοῦς
1283 1699 1468 1765 πόλις
1512 1699 1767 1779 Λιβύης·
1813 1701 2010 1764 κεῖται
2054 1700 2126 1764 δὲ
2169 1699 2209 1763 ὁ
2252 1699 2502 1764 Φυκοῦς
2545 1698 2705 1763 κατὰ
2747 1699 2824 1763 τὸ
2867 1698 3185 1777 Ταίναρον

607 1801 718 1877 τῆς
772 1800 1298 1880 Πελοποννήςου.
1400 1802 1688 1880 Θριοῦς
1743 1801 1929 1866 πόλις
1997 1801 2193 1865 πάλαι
2247 1802 2358 1879 τῆς
2414 1802 2695 1883 Ἀχαΐας,
2763 1804 2880 1865 νῦν
2941 1801 3013 1865 δὲ
3075 1802 3187 1877 τῆς

510 1907 571 1960 15
607 1899 853 1966 Ἠλείας
897 1902 1137 1982 ὅμορος
1179 1902 1478 1983 Πάτραις.
1566 1902 1753 1968 ἄλλοι
1807 1904 1880 1967 δὲ
1934 1901 2066 1967 ἀπὸ
2113 1903 2464 1981 Θριοῦντος
2516 1901 2879 1985 Ἀθηναίου,
2937 1902 3015 1966 ὃν
3061 1901 3185 1980 Θη-

608 2002 748 2068 ςεὺς
804 2003 1051 2083 ἔπεμψε
1110 2006 1265 2084 μετὰ
1321 2008 1608 2083 ςτρατιᾶς
1664 2004 2081 2085 ςυμμαχήςειν
2139 2004 2450 2084 Ἡρακλεῖ.
2539 2002 2937 2083 Μυρικοῦς
2999 2001 3187 2071 πόλις

606 2107 981 2184 καταντικρύ
1026 2106 1305 2172 Τενέδου
1350 2109 1451 2172 καὶ
1492 2106 1731 2188 Λέςβου
1775 2110 1887 2184 τῆς
1929 2105 2177 2185 Τροίας.
2244 2105 2566 2171 Ἑκαταῖος
2612 2105 2740 2171 «εἰς
2786 2104 3186 2185 Μυρικόεντα

606 2209 716 2285 τῆς
761 2207 1042 2286 Τρωϊκῆς
1060 2233 1105 2273 ».
1195 2207 1483 2274 Οἰνοῦς
1526 2208 1865 2287 πολίχνιον
1908 2207 2300 2290 Λακωνικῆς,
2365 2208 2454 2273 ὡς
2499 2207 2881 2286 Ἀνδροτίων
2926 2209 3029 2272 καὶ
3070 2207 3185 2271 Δί-

607 2313 836 2392 δυμος,
880 2310 1191 2377 Πυξοῦς
1220 2311 1406 2377 πόλις
1437 2309 1745 2392 (ικελίας,
1790 2308 2091 2377 Ῥιζοῦς
2134 2309 2320 2374 πόλις
2357 2309 2725 2393 Θεςςαλίας,
2772 2309 3185 2389 Ἀνθεμοῦς

505 2417 574 2467 20
606 2410 790 2477 πόλις
859 2412 1257 2478 Μακεδονίας
1322 2414 1424 2477 καὶ
1478 2412 1724 2491 copiac-
1790 2410 1978 2477 ἄλλοι
2042 2412 2113 2476 δὲ
2180 2410 2311 2476 ἀπὸ
2356 2410 2679 2490 Ἀνθέμου.
2782 2411 3018 2491 ὁμοίως
3082 2410 3185 2475 καὶ

605 2512 972 2595 Πιτυώδης,
1029 2513 1397 2597 Ἐρικώδης,
1456 2514 1839 2593 Κυπάριςςος
1894 2512 2080 2578 πόλις
2145 2512 2215 2577 ἐν
2268 2513 2655 2595 Παρναςςῷ,
2721 2500 2801 2592 ἥν
2865 2534 3031 2579 τινες
3086 2513 3187 2577 καὶ

612 2613 1252 2693 Κυπαριςςοῦντά
1315 2636 1499 2699 φαςι,
1566 2616 1815 2697 Θρύον,
1871 2612 2094 2679 Ἐλαία.
2195 2616 2298 2679 καὶ
2360 2618 2491 2679 τῶν
2558 2614 2904 2694 Ἀθηναίων
2967 2616 3186 2695 δήμων

605 2717 772 2782 τινὲς
815 2715 946 2783 ἀπὸ
991 2721 1122 2783 τῶν
1179 2717 1249 2784 ἐν
1301 2718 1522 2785 αὐτοῖς
1577 2717 1957 2800 φυομένων,
2012 2715 2386 2796 Ῥαμνοῦς
2441 2719 2640 2798 δῆμος
2694 2720 2804 2796 τῆς
2857 2716 3186 2784 Αἰαντίδος

606 2822 848 2902 φυλῆς,
894 2818 1200 2898 Φηγοῦς
1245 2823 1443 2900 δῆμος
1471 2823 1583 2898 τῆς
1612 2819 2011 2899 Ἐρεχθηῖδος
2041 2821 2282 2902 φυλῆς,
2330 2820 2787 2899 Μυρρινοῦς
2831 2823 3030 2899 δῆμος
3071 2822 3184 2897 τῆς

503 2929 571 2980 25
605 2920 1036 2986 Πανδιονίδος
1102 2925 1325 3002 φυλῆς.
1428 2922 1771 2988 Διονύςιος
1838 2921 1905 2985 δ’
1969 2920 2006 2985 ὁ
2078 2920 2439 3002 Τρύφωνος
2506 2921 2914 2999 Μυρινοῦττά
2977 2941 3183 3002 φηςιν.

612 3023 1033 3101 Μαραθοῦς
1089 3025 1191 3088 καὶ
1245 3023 1603 3107 Μαραθών,
1661 3024 1981 3100 Ἀγνοῦς
2036 3026 2234 3103 δῆμος
2288 3026 2401 3101 τῆς
2453 3022 2901 3103 Δημητριάδος
2956 3025 3184 3104 φυλῆς,

607 3125 775 3189 τινὲς
820 3125 891 3189 δὲ
933 3128 1043 3211 τῆς
1088 3125 1534 3205 Ἀκαμαντίδος
1591 3124 1721 3191 ἀπὸ
1778 3129 1890 3204 τῆς
1944 3125 2014 3191 ἐν
2059 3124 2235 3208 αὐτῷ
2292 3126 2622 3205 φυομένης
2665 3123 2885 3202 ἄγνου.
2973 3125 3183 3190 Ἀνα-

609 3229 896 3304 γυροῦς
941 3229 1138 3306 δῆμος
1184 3226 1578 3307 Ἐρεχθηῖδος
1622 3231 1864 3310 φυλῆς,
1919 3228 2335 3307 Ἀχερδοῦς
2391 3229 2588 3306 δῆμος
2643 3230 2754 3306 τῆς
2798 3226 3185 3291 Ἱπποθοων-

608 3326 780 3392 τίδος
824 3331 1032 3406 φυλῆς
1075 3329 1176 3392 καὶ
1220 3328 1644 3409 Ἀχραδοῦς
1696 3330 1858 3408 παρ’
1902 3327 2356 3410 Ἀριςτοφάνει.
2395 3379 2401 3387 .
2442 3328 2791 3404 ,Ἐλαιοῦς
2834 3332 3032 3408 δῆμος
3075 3331 3186 3406 τῆς

507 3434 576 3488 30
612 3426 1144 3495 Ἱπποθοωντίδος
1187 3433 1428 3513 φυλῆς,
1486 3430 1577 3497 ὡς
1620 3431 1977 3510 Διόδωρος.
2048 3430 2393 3496 Διονύςιος
2436 3431 2509 3495 δὲ
2554 3430 2842 3496 Ἐλαιεύς.
2915 3430 3040 3495 ἔςτι
3085 3430 3189 3493 καὶ

613 3529 896 3600 Ἐλαιοῦς
951 3531 1138 3596 πόλις
1195 3532 1265 3597 ἐν
1322 3531 1790 3622 Ἑλληςπόντῳ·
1856 3532 1982 3597 ἔςτι
2035 3533 2138 3598 καὶ
2187 3533 2461 3611 Ἄργους
2517 3532 2815 3597 Ἐλαιοῦς.
2901 3533 3031 3597 Ἔτι
3084 3532 3186 3595 καὶ

610 3629 968 3710 Ἁλιμοῦς
1011 3636 1209 3714 δῆμος
1253 3636 1364 3712 τῆς
1407 3634 1747 3699 Λεοντίδος
1791 3637 2017 3714 φυλῆς.
2108 3634 2502 3714 Καλλίμαχος
2559 3637 2632 3699 δε
2689 3634 2881 3699 πόλιν
2926 3634 3184 3712 ἡγεῖται.

611 3733 984 3812 Ἀμαθοῦς
1027 3735 1213 3801 πόλις
1262 3735 1518 3814 Κύπρου
1563 3734 1974 3815 ἀρχαιοτάτη·
2061 3734 2192 3801 ἀπὸ
2237 3736 2661 3815 Ἀμαθοῦντος
2715 3738 2788 3801 δὲ
2837 3739 2956 3800 τοῦ
3000 3735 3186 3812 Ἡρα-

611 3835 838 3900 κλέους
891 3835 1121 3916 ἐκλήθη
1175 3838 1214 3916 ἢ
1272 3836 1402 3902 ἀπὸ
1469 3839 1580 3915 τῆς
1639 3837 1911 3916 Κινύρου
1977 3838 2209 3919 μητρὸς
2271 3837 2669 3919 Ἀμαθούςης.
2771 3837 3187 3917 Ψαμαθοῦς

510 3945 576 3998 35
611 3935 798 4002 πόλις
850 3937 1210 4022 Λακωνική,
1275 3939 1729 4019 Ἀρτεμίδωρος
1794 3940 2073 4024 δευτέρῳ
2128 3940 2733 4021 γεωγραφουμένων
2805 3940 3001 4019 «μετὰ
3064 3938 3186 4016 γὰρ

612 4039 690 4104 τὸ
735 4038 1053 4119 Ταίναρον
1097 4041 1284 4107 πόλις
1328 4042 1645 4119 ἐκδέχεται
1689 4043 2090 4122 Ψαμαθοῦς».
2178 4042 2309 4106 ’οπ
2329 4047 2463 4109 οῦς
2505 4042 2692 4108 πόλις
2734 4043 3001 4120 Λοκρῶν
3055 4045 3186 4106 τῶν

613 4261 769 4314 τάςιν
804 4259 929 4315 οἷον
964 4260 1072 4315 ἀνά
1108 4262 1251 4315 κατά
1286 4262 1372 4315 διά
1409 4262 1550 4327 μετά
1592 4262 1771 4329 αὐτάρ
1815 4261 1957 4329 ἀτάρ
2002 4261 2165 4316 ἐκτός
2203 4263 2323 4332 (pro
2360 4262 2501 4329 πρός
2538 4264 2781 4333 metipsi)-
2825 4262 3011 4329 «ὑπὲρ
3057 4259 3187 4327 μίαν

614 4329 937 4396 ςυλλαβήν»
972 4331 1060 4385 διὰ
1092 4330 1166 4382 τὰ
1203 4331 1605 4397 μονοςύλλαβα,
1644 4332 1737 4384 ἐπὶ
1772 4331 1999 4384 τούτων
2034 4331 2141 4397 γὰρ
2177 4331 2517 4397 φυλάττουςι
2542 4333 2649 4397 τὴν
2675 4332 2860 4385 ὀξεῖαν
2884 4331 3038 4384 τάςιν
3062 4328 3186 4383 οἷον

614 4398 712 4450 νύξ
760 4396 924 4454 Ετύξ·
979 4402 1105 4453 πῶς
1150 4399 1257 4465 γὰρ
1303 4399 1569 4452 δύνανται
1614 4400 1686 4453 τὰ
1734 4399 2121 4464 μονοςύλλαβα
2165 4400 2515 4465 βαρύνεςθαι;
2564 4402 2637 4452 cf.
2683 4402 2899 4452 Abx-ens
2946 4400 3013 4452 de
3052 4400 3186 4453 dial.

611 4467 764 4521 Aeol.
788 4483 839 4533 p.
868 4472 929 4521 10
954 4473 1012 4519 et
1033 4485 1200 4535 supra
1224 4486 1276 4535 p.
1301 4472 1350 4530 7,
1379 4472 1423 4519 1.
1528 4469 1564 4524 1.
1592 4472 1619 4519 1
1657 4467 1876 4521 ἁπλοῦς
1910 4469 2099 4519 addidi
2134 4485 2202 4520 ex
2238 4469 2433 4520 Choer.
2469 4470 2618 4520 Diot.
2657 4473 2774 4532 246,
2810 4473 2861 4530 5,
2899 4470 2995 4521 ubi
3029 4483 3187 4519 accu-

611 4535 785 4585 ratius
819 4537 1112 4603 exponitur
1146 4537 1284 4587 haee
1317 4538 1538 4588 nomina
1584 4542 1641 4588 et
1685 4545 1910 4604 propter
1951 4544 2239 4589 accentum
2277 4544 2333 4587 et
2378 4545 2670 4603 propterea
2714 4538 2861 4603 quod
2908 4539 3187 4603 trigenera

610 4610 764 4664 sunt,
802 4620 924 4655 esse
952 4605 1221 4670 simplicia
1248 4602 1342 4667 (ef.
1369 4621 1536 4671 supra
1561 4621 1611 4671 p.
1640 4607 1753 4668 126,
1779 4605 1895 4668 25);
1935 4622 2001 4656 ex
2026 4606 2217 4656 eodem
2241 4606 2418 4670 petivi
2442 4606 2719 4669 πλακοῦς,
2758 4606 2971 4672 reliqua
3005 4605 3188 4655 omnia

607 4672 664 4722 in
688 4674 787 4723 <W
823 4688 892 4723 ex
916 4672 1029 4725 όεις
1059 4677 1364 4734 contracta,
1401 4688 1542 4738 qnae
1567 4674 1639 4723 ab
1674 4674 1909 4724 Arcadio
1944 4675 2161 4724 omnino
2198 4673 2399 4724 omissa
2435 4681 2590 4736 sunt,
2630 4689 2699 4725 ex
2736 4675 2814 4726 St.
2841 4675 2904 4724 B.
2942 4691 2983 4728 s.
3007 4689 3095 4722 vv.
3119 4697 3189 4708 —

608 4740 692 4789 De
748 4739 1089 4791 derivatione
1147 4741 1421 4790 nominum
1475 4742 1690 4792 urbium
1743 4758 1777 4792 a
1831 4740 2041 4807 plantis
2092 4741 2212 4806 agit
2267 4741 2345 4791 St.
2390 4741 2453 4792 B.
2500 4757 2543 4795 8.
2588 4739 2881 4806 (χοινοῦς,
2934 4741 3184 4804 Ἁγνοῦς,

607 4805 941 4872 Τρεμιθοῦς,
979 4807 1125 4858 undo
1163 4823 1425 4859 canonem
1461 4810 1755 4874 composui.
1800 4810 1872 4859 ef.
1912 4808 1979 4859 de
2015 4809 2101 4859 his
2135 4809 2417 4860 vocabulis
2456 4810 2590 4862 Lob.
2630 4811 2702 4862 ad
2738 4812 2942 4861 Butam.
2978 4810 3031 4860 11
3067 4811 3184 4861 423.
