3664 5546
1503 401 1924 456 PRAEFARIO.
2830 402 3005 450 exul

422 555 506 620 εἰς
551 560 632 635 ιἰῑ.
723 553 939 634 Quam
983 554 1124 618 i'ure
1170 552 1532 619 Ahrensius
1591 555 1671 618 de
1717 554 1872 619 dial.
1917 553 2083 619 Dor.
2128 554 2252 619 328
2306 575 2437 618 non
2480 577 2563 620 ex
2608 554 2797 620 Aelio
2843 556 3002 621 Dio-

422 658 642 743 nysio,
689 658 795 721 cui
844 658 910 721 in
957 654 1188 721 Hortis
1237 655 1557 722 Adonidis
1605 658 1854 722 tributa
1896 667 2024 739 est,
2072 656 2187 721 sed
2232 679 2316 722 ex
2358 656 2764 738 HerodianO,
2820 659 3003 723 cuius

421 779 656 823 nomen
699 759 830 823 An.
881 758 1010 824 Ox.
1056 759 1402 845 praebent,
1450 768 1827 845 excerptam
1872 782 2019 824 esse
2064 759 2414 824 existimat.

592 964 669 1029 ln
716 964 998 1051 partium
1030 962 1344 1028 orationis
1377 964 1546 1027 serie
1576 963 2004 1051 Participium
2038 964 2695 1050 excipiuntarticuli,
2743 964 2824 1028 de
2868 965 3006 1056 qui-

419 1066 548 1130 bus
597 1067 908 1152 scriptum
952 1068 1099 1145 περὶ
1142 1065 1454 1145 ἄρθρων
1499 1086 1628 1129 non
1672 1065 1942 1130 affertur
1985 1066 2278 1153 quidem,
2337 1065 2454 1130 sed
2500 1066 2583 1131 ab
2627 1065 3006 1131 Herodiano

423 1179 811 1254 conceptum
871 1190 1013 1232 esse
1074 1189 1221 1231 cum
1266 1166 1538 1232 Lebrsio
1584 1167 1970 1233 sumendum
2026 1179 2157 1251 est,
2212 1168 2596 1255 pronomina
2640 1166 2721 1232 de
2771 1168 3005 1256 quibus

423 1268 688 1355 scripsit
731 1268 1148 1335 Herodianus
1194 1268 1432 1334 librum
2785 1336 2799 1372 ι

1109 1495 1114 1499 .
1197 1439 1466 1504 XXIII.
1513 1444 1688 1521 περὶ
1731 1442 2246 1523 ἀντωνυμιῶν

427 1598 620 1663 quem
665 1576 806 1661 ipse
865 1574 1119 1642 duobus
1177 1574 1337 1642 locis
1385 1576 1461 1640 Il.
1507 1577 1612 1641 Pr.
1662 1579 1705 1643 Ε
1747 1571 1985 1641 219'et
2030 1579 2044 1642 Ι
2092 1577 2218 1642 392
2261 1577 2442 1642 citat.
2530 1577 2800 1642 Praeter
2847 1577 3009 1642 haec

427 1700 753 1765 perpauca
807 1687 1061 1743 tantum
1117 1677 1484 1764 fragmenta
1541 1690 1920 1766 supersunt,
1977 1702 2144 1766 quae
2201 1680 2286 1743 ad
2342 1678 2512 1743 hunc
2566 1677 2803 1745 librum
2847 1678 3008 1745 refe·

427 1779 634 1845 renda
677 1780 1006 1844 videntur.
1071 1779 1163 1844 Ut
1208 1803 1310 1844 res
1360 1790 1488 1862 est,
1536 1781 1823 1846 contenti
1859 1804 2001 1847 esse
2034 1781 2345 1846 debemus
2390 1782 2505 1862 iis,
2552 1803 2718 1869 quae
2764 1777 2844 1845 de
2886 1781 3011 1846 bac

427 1905 501 1946 re
563 1884 630 1945 in
696 1880 1015 1946 Prosodia
1080 1880 1420 1948 Catholica
1485 1893 1551 1947 et
1607 1881 1962 1949 Homerica
2024 1893 2375 1971 praecepta
2434 1882 2747 1949 habemus
2816 1895 3011 1971 atque

429 1985 773 2065 damnum,
832 1983 1006 2071 quod
1056 1983 1315 2070 perdito
1360 1984 1726 2050 Herodiani
1782 1983 1950 2051 libro
1998 1987 2291 2075 perpessi
2337 2008 2587 2066 sumus,
2643 1984 3013 2050 restituitur

430 2086 709 2171 egregiis
757 2084 1096 2173 Apollonii
1141 2086 1436 2172 scriptis,
1485 2086 1669 2152 cuius
1715 2088 2002 2173 vestigia
2044 2087 2361 2175 pressisse
2394 2086 2846 2153 Herodianum
2893 2088 3014 2151 sci-

429 2211 595 2253 mus.
692 2188 891 2253 Liber
947 2190 1125 2267 περὶ
1180 2191 1632 2267 προθέεεωε
1699 2212 2020 2276 nusquam
2085 2200 2516 2272 memoratur,
2584 2189 2702 2254 sed
2766 2190 3013 2276 pariter

429 2300 625 2377 atque
670 2290 906 2354 librum
939 2293 1084 2369 περὶ
1114 2289 1532 2372 ἀντωνυμιῶν
1577 2303 1643 2357 et
1685 2295 1862 2372 περὶ
1907 2294 2179 2358 ευνδὲε
2194 2315 2388 2373 μων,
2435 2290 2544 2379 qui
2590 2292 2749 2357 item
2778 2283 3012 2356 nullibi

430 2393 702 2473 citatur,
751 2392 1066 2479 scriptum
1113 2414 1256 2456 esse
1301 2392 1441 2457 iure
1482 2392 1794 2458 Lehrsius
1842 2392 2197 2462 contendit.
2286 2392 2417 2458 Sed
2460 2392 2614 2459 libri

683 2561 945 2627 XXIV.
994 2564 1171 2642 περὶ
1214 2564 1754 2643 ἐπιρρήματοε
1800 2565 1940 2628 sive
1986 2565 2163 2643 περὶ
2206 2565 2758 2652 ἐπιρρημάτων

429 2698 823 2764 mentionem
894 2697 1103 2763 iniicit
1145 2697 1562 2765 Herodianus
1617 2700 1829 2765 tribus
1888 2698 2045 2764 locis
2106 2699 2183 2764 Il.
2229 2699 2338 2763 Pr.
2384 2701 2427 2765 Ε
2474 2699 2623 2782 100,
2681 2699 2860 2764 Mon.
2906 2699 3012 2780 26,

435 2803 550 2885 103
591 2801 768 2866 Mon.
812 2800 918 2882 27,
964 2801 1028 2865 3.
1117 2800 1301 2881 Quae
1358 2801 1457 2865 his
1511 2803 1672 2868 locis
1728 2803 2221 2890 praecipiuntur
2271 2801 2353 2867 de
2412 2803 2704 2886 ἀντικρύ,
2765 2803 2894 2882 ὀψέ
2949 2812 3014 2866 et

431 2904 657 2986 χαμαί,
703 2913 1072 2988 congruunt
1127 2925 1273 2967 cum
1316 2904 1437 2985 iis,
1494 2927 1660 2992 quae
1717 2927 1800 2969 ex
1850 2904 2171 2969 Prosodia
2214 2903 2551 2969 Catholica
2609 2903 2689 2968 de
2744 2903 2845 2967 his
2903 2903 3010 2968 ad-

431 3006 677 3071 verbiis
723 3005 911 3070 nobis
969 3005 1393 3071 innotuerunt
1450 3018 1516 3072 et
1569 3029 1684 3093 per
1739 3029 1809 3071 se
1865 3005 2175 3071 credibile
2231 3016 2332 3071 est
2374 3005 2542 3070 hunc
2586 3004 2824 3070 librum
2869 3026 3013 3092 pro-

428 3107 798 3195 pinquitate
854 3107 1159 3191 attigisse
1216 3105 1651 3190 Catholicam,
1712 3108 1825 3172 sed
1887 3131 1969 3174 ex
2023 3118 2258 3173 natura
2312 3118 2376 3173 et
2427 3106 2645 3171 indole
2694 3105 3014 3173 librorum

429 3210 514 3274 de
559 3210 855 3296 partibus
901 3208 1211 3273 orationis
1259 3210 1611 3274 coniectari
1653 3210 1808 3275 licet
1851 3221 2111 3298 praeter
2141 3221 2475 3276 accentum
2520 3211 2587 3275 in
2631 3207 2753 3273 hoc
2792 3207 3012 3274 libello

430 3310 780 3398 plurimum
824 3311 1136 3376 momenti
1180 3310 1644 3397 significationi
1689 3322 1755 3377 et
1796 3313 1970 3399 parti
2016 3313 2330 3378 orationis
2366 3313 2860 3378 constituendae
2905 3311 3016 3377 tri·

428 3415 660 3479 butum
724 3435 889 3478 esse.
988 3412 1259 3478 Praeter
1304 3436 1411 3495 ea,
1472 3437 1638 3501 quae
1700 3416 1843 3502 ipse
1886 3414 2310 3481 Herodianus
2367 3413 2587 3497 affert,
2642 3415 3015 3499 fragmenta

423 3514 620 3580 titulo
675 3517 823 3596 περὶ
876 3516 1320 3596 ἐπιρρημάτων
1376 3515 1695 3602 inscripta
1749 3538 1878 3581 non
1934 3517 2381 3604 reperiuntur3
2443 3539 2554 3581 eas
2610 3517 2813 3601 igitur
2865 3515 3014 3581 reli-

425 3618 650 3704 quias,
695 3639 862 3704 quae
906 3616 989 3681 de
1034 3616 1366 3682 adverbiis
1412 3629 1790 3705 supersunt,
1838 3617 2213 3685 Catholicae
2257 3618 2614 3703 assignavi.

601 3719 955 3810 Postquam
1001 3719 1238 3801 libros,
1286 3719 1395 3805 qui
1441 3720 1508 3784 in
1542 3719 1907 3802 ProsodiiS,
1954 3721 2022 3785 in
2052 3720 2565 3807 Orthographia,
2612 3723 2680 3785 in
2713 3721 3011 3808 partibus

423 3820 747 3887 orationis
793 3821 1198 3908 explicandis
1243 3833 1616 3903 versantur,
1666 3822 2218 3904 enumeravimus,
2266 3822 2531 3888 deducti
2574 3845 2792 3887 sumus
2825 3822 2908 3887 ad
2938 3845 3015 3887 ea

420 3924 704 4009 scripta,
767 3944 934 4010 quae
990 3922 1072 3988 de
1129 3923 1535 3990 derivatione
1592 3935 1659 3990 et
1714 3924 1793 3990 de
1852 3927 2318 4013 compositione
2375 3934 2597 4011 agunt.
2683 3925 2788 3989 De
2847 3945 3012 3988 com-

417 4024 752 4113 positione
800 4023 1244 4091 disserebatur
1289 4026 1356 4089 in
1403 4025 1568 4092 libro

1266 4196 1488 4285 XXV.
1535 4200 1712 4278 περὶ
1757 4199 2182 4279 εχημάτων.

602 4330 963 4418 Dionysius
1018 4330 1242 4397 Thrax
1292 4356 1355 4419 p.
1401 4333 1554 4407 635,
1602 4334 1679 4397 21
1742 4333 1902 4398 dicit
1954 4336 2233 4414 εχήματα
2292 4334 2631 4413 ὀνομάτων
2689 4334 2800 4399 εἰεί
2849 4331 3014 4415 τρία,

416 4437 717 4517 ἁπλοῦν,
763 4435 1099 4517 εύνθετον,
1144 4436 1656 4519 παραεύνθετον,
1701 4436 1953 4500 ἁπλοῦν
1999 4438 2113 4516 μὲν
2159 4434 2304 4500 οἷον
2352 4438 2661 4520 Μέμνων,
2708 4435 3010 4500 εύνθετον

419 4541 500 4603 δὲ
549 4535 697 4602 οἷον
728 4537 1166 4618 Ἀγαμέμνων,
1212 4537 1692 4616 παραεύνθετον
1731 4539 1800 4601 δὲ
1832 4536 1978 4603 οἷον
2010 4539 2541 4617 Ἀγαμεμνονίδης
2552 4588 2571 4621 ,
2615 4537 3012 4616 Φιλιππίδης.

417 4639 580 4704 Τῶν
635 4640 705 4703 δὲ
762 4640 1080 4705 ευνθέτων
1140 4639 1445 4718 διαφοραί
1500 4639 1610 4703 εἰει
1666 4640 1988 4718 τέεεαρεε·
2046 4639 2086 4703 ἃ
2144 4642 2260 4720 μὲν
2316 4640 2439 4718 γὰρ
2490 4638 2704 4705 αὐτῶν
2748 4639 2896 4704 εἰςιν
2944 4640 3013 4703 ἐκ

420 4741 553 4807 δύο
600 4741 859 4807 τελείων
907 4742 998 4806 ὼε
1043 4740 1438 4823 χειρίεοφοε,
1485 4739 1525 4803 ἃ
1571 4741 1642 4804 δὲ
1688 4740 1756 4804 ἐκ
1787 4742 1906 4805 δύο
1939 4740 2431 4806 ἀπολειπόντων
2463 4740 2660 4825 (quod
2694 4740 2757 4802 in
2793 4736 3006 4802 Schol.

421 4864 497 4930 p.
542 4840 704 4922 859,
749 4841 826 4905 21
874 4863 991 4928 per
1038 4842 1404 4923 ἐφθαρμένα
1450 4838 1843 4927 explicatur)
1891 4842 1982 4907 ὡς
2028 4842 2396 4925 (οφοκλῆε,
2450 4841 2490 4905 ἃ
2535 4844 2606 4906 δὲ
2651 4843 2719 4906 ἐκ
2761 4840 3012 4905 τελείου

507 4977 878 5015 unaonuxvs.
915 4965 959 5018 1.
2564 4940 2605 5005 h
