3664 5546
1122 416 1280 477 Περι
1322 412 1712 475 κΑοοΛικΗς
1748 407 2170 475 ΠΡοςΩιΔιΑς
2210 408 2288 474 ιε).
2860 405 2986 482 499

412 593 577 661 ἀλλὰ
620 598 739 660 τοῦ
781 593 1228 673 πρωτοτύπου.
1284 593 1542 656 τοιοῦτό
1588 590 1711 657 έςτι
1757 594 1859 656 καὶ
1887 594 1963 657 τὸ
2008 590 2388 670 πηνικάδε
2433 589 2570 655 ἀπὸ
2594 596 2710 656 τοῦ
2741 591 2988 670 πηνίκα.

410 698 491 762 τὰ
533 698 654 776 γὰρ
698 698 929 777 φωνὴν
972 694 1377 775 παραχθέντα
1421 694 1509 759 εἰς
1558 680 1666 776 δέ,
1724 696 1920 773 μηδὲν
1973 695 2176 759 πλέον
2230 696 2347 756 τοῦ
2402 690 2832 770 πρωτοτύπου
2886 714 2988 771 ςη-

413 799 750 880 μαίνοντα,
798 799 926 877 πρὸ
971 801 1112 877 μιᾶς
1156 798 1286 875 ἔχει
1330 797 1446 861 τὸν
1475 797 1694 879 τόνον,
1738 795 2009 878 τοιόςδε,
2053 795 2343 879 τοςόςδε,
2388 794 2728 874 τηλικόςδε.
2782 792 2989 858 οὕτως

414 900 534 965 οὖν
580 900 682 965 καὶ
726 899 831 964 ἐπὶ
872 905 1002 963 τῶν
1048 896 1529 980 ἐπιρρημάτων,
1569 898 1872 981 τημόςδε,
1916 897 2240 979 τηνικάδε,
2297 897 2540 962 ἐνθάδε.
2629 897 2823 962 οὐδὲν
2867 896 2990 975 γὰρ

413 1002 614 1066 πλέον
660 1004 850 1079 δηλοῖ
890 1003 1009 1064 τοῦ
1049 1003 1278 1081 τῆμος,
1321 998 1570 1082 τηνίκα,
1614 998 1783 1064 ἔνθα.
3016 1010 3050 1059 5

582 1103 675 1167 Τὰ
731 1101 820 1167 εἰς
864 1090 962 1184 ζ-ε,
1007 1100 1060 1166 εἰ
1105 1102 1220 1181 μὲν
1265 1100 1396 1179 ἔχει
1440 1102 1567 1179 πρὸ
1612 1102 1841 1166 τέλους
1885 1102 2088 1181 βραχὺ
2117 1103 2192 1167 τὸ
2237 1105 2309 1187 ἆ,
2353 1102 2568 1182 τρίτην
2603 1101 2733 1167 ἀπὸ
2763 1102 2991 1166 τέλους

415 1205 546 1285 ἔχει
612 1205 728 1283 τὴν
797 1202 1010 1270 ὀξεῖαν
1067 1201 1212 1268 οἷον
1275 1202 1539 1285 ἔραζε,
1607 1204 1920 1282 θύραζε·
1987 1205 2410 1284 παραιτητέον
2477 1206 2547 1269 δὲ
2599 1203 2754 1268 τοὺς
2817 1223 2991 1282 περι-

416 1313 708 1371 ςπῶντας
750 1306 826 1369 τὸ
870 1305 1129 1384 θύραζε·
1174 1304 1567 1387 Ἀθήναζε,
1624 1304 2122 1388 Ὀλυμπίαζε,
2178 1307 2506 1389 Θήβαζε,
2553 1305 2991 1389 Ἀφίδναζέ,

416 1409 688 1488 μέταζε
734 1407 936 1487 μόνον
990 1414 1121 1471 τῶν
1166 1405 1253 1471 εἰς
1297 1393 1418 1473 'offe
1476 1405 1581 1470 ἐπὶ
1634 1408 1880 1485 χρόνου
1942 1408 2307 1486 τεθειμένον
2355 1409 2618 1488 «μέταζε
2679 1406 2990 1487 χατίζων»

418 1508 719 1593 (Hesiod.
751 1529 895 1595 opp.
927 1507 1081 1593 396)
1127 1508 1302 1587 παρὰ
1346 1508 1641 1587 πρόθεςιν
1686 1510 2113 1589 παρηγμένον.
2200 1511 2278 1574 τὰ
2318 1511 2502 1591 φύςει
2546 1514 2749 1592 μακρᾷ
2792 1529 2993 1587 παρα·
3033 1519 3097 1571 10

419 1612 739 1692 ληγόμενα
795 1609 1348 1691 προπαροξύνεται
1401 1610 1442 1687 ἢ
1500 1614 2035 1688 προπεριςπᾶται·
2100 1613 2654 1690 προπαροξύνεται
2710 1613 2824 1692 μὲν
2881 1611 2996 1676 ὅςα

417 1713 548 1793 ἔχει
604 1714 960 1793 βαρύτονον
1016 1714 1093 1778 τὸ
1147 1712 1605 1794 πρωτότιηιον,
1673 1712 1762 1776 ὡς
1818 1713 1993 1791 παρὰ
2035 1714 2111 1777 τὸ
2157 1712 2353 1793 Οἰνόη
2410 1713 2772 1797 Οἰνόηζε,
2837 1734 2995 1793 προ-

418 1819 789 1894 περιςπᾶται
844 1817 917 1880 δὲ
969 1815 1049 1879 τὰ
1103 1814 1235 1880 ἀπὸ
1290 1812 1649 1896 ὀξυτόνων,
1719 1814 1819 1878 ὡς
1863 1816 2038 1893 παρὰ
2088 1816 2165 1879 τὸ
2222 1816 2492 1895 Ἀχαρνή
2549 1816 2995 1899 Ἀχαρνῆζε,

418 1919 667 1997 κεφαλή
710 1920 1139 1998 κεφαλῆζε,
1187 1915 1376 1995 χαμαί
1418 1918 1725 1994 χαμᾶζε.
2433 1940 2440 1947 ·

589 2020 683 2083 Τὰ
726 2019 815 2084 εἰς
857 2022 925 2082 ἃ
965 2021 1104 2083 τοῖς
1147 2018 1236 2083 εἰς
1290 2004 1405 2083 θ-εν
1454 2017 1781 2097 ὁμοτονεῖ·
1842 2018 1984 2084 ἐπεὶ
2034 2020 2158 2098 γὰρ
2210 2022 2285 2086 τὸ
2341 2020 2663 2087 πάντοθεν
2706 2015 2995 2098 προπαρ-
3039 2031 3096 2081 15

422 2123 741 2205 οξύνεται,
786 2121 890 2185 διὰ
919 2124 1114 2185 τοῦτο
1145 2120 1248 2184 καὶ
1290 2120 1667 2203 πάντοςε,
1711 2120 1970 2185 ἔκτοθεν
2015 2120 2315 2206 ἔκτοςε,
2360 2122 2636 2187 ἄλλοθεν
2681 2120 2995 2203 ἄλλοςε,

422 2225 731 2304 ἑτέρωθεν
790 2223 1147 2306 ἑτέρωςε,
1203 2221 1664 2304 ἀμφοτέρωθεν
1708 2221 2252 2307 ἀμφοτέρωςε,
2298 2224 2686 2302 ἑκατέρωθεν
2732 2225 2996 2289 ἑκατέ-

421 2342 634 2407 ρωςεὶ
720 2328 1221 2405 προπεριςπᾶται
1280 2325 1352 2388 δὲ
1405 2325 1480 2388 τὸ
1536 2323 1589 2386 Θ
1603 2328 1828 2401 ριῶςε
1843 2373 1861 2406 ,
1929 2324 2067 2389 ἐπεὶ
2121 2328 2223 2390 καὶ
2275 2328 2351 2391 τὸ
2397 2327 2681 2405 Θριῶθεν
2739 2325 2996 2409 ὁμοίως,

425 2429 664 2493 ἐκεῖθεν
710 2427 974 2491 ἐκεῖςε.
1046 2426 1121 2489 τό
1150 2445 1219 2489 τε
1264 2423 1569 2489 κυκλόθεν
1600 2425 2025 2502 παροξύνεται
2056 2428 2157 2491 καὶ
2198 2429 2274 2513 τὸ
2320 2428 2681 2511 κυκλόςε,
2726 2428 2996 2507 τηλόθεν

423 2530 733 2610 τηλόςε,
779 2528 1013 2606 ὁμόθεν
1059 2526 1308 2606 ὁμόςε.
3030 2539 3098 2590 20

591 2629 685 2693 Τὰ
741 2626 829 2692 εἰς
872 2616 991 2694 θε-ιῖ
1036 2627 1248 2693 πάντα
1304 2626 1643 2709 διςύλλαβα
1696 2631 1811 2709 μὲν
1866 2630 2024 2697 ὄντα
2078 2633 2205 2711 πρὸ
2261 2636 2402 2714 μιᾶς
2445 2632 2574 2712 ἔχει
2617 2634 2736 2699 τὸν
2780 2634 2996 2717 τόνον,

432 2801 826 2830 ..-,----

424 2925 527 2987 τῆς
562 2889 823 2974 καθόλου.
960 2919 996 2970 1.
1035 2923 1065 2969 2
1101 2918 1459 2984 παραχθέντα
1507 2935 1603 2985 pro
1638 2921 1960 2985 πραχθέντα
2005 2925 2244 2975 correxit
2278 2925 2490 2988 Bloch.,
2538 2931 2784 2978 extrema
2827 2928 2998 2978 verba

428 2992 741 3042 emendavit
775 2988 1018 3041 Dindorf
1048 3004 1145 3053 pro
1179 2987 1450 3052 τημόςδε,
1487 2988 1798 3052 τηνικόςδε·
1847 2989 2013 3042 οὐδὲν
2056 2991 2163 3056 γὰρ
2199 2992 2377 3044 πλέον
2412 2992 2572 3058 δηλοῖ
2615 2997 2717 3046 τοῦ
2754 2994 2996 3059 τημόςδε

424 3057 684 3125 τηνικάδε
722 3055 946 3120 ἐνθάδε,
985 3057 1072 3106 eui
1107 3056 1339 3106 debetur
1374 3058 1543 3107 etiam
1577 3055 1916 3121 Παλλήναδε
1951 3075 2048 3124 pro
2084 3058 2384 3112 Παλίναδε.
2587 3064 2623 3116 l.
2661 3066 2691 3114 7
2730 3077 2995 3127 παραιτη-

423 3144 558 3195 τέον
593 3142 654 3195 δέ
686 3170 753 3179 --
788 3142 987 3207 θύραζε
1025 3139 1274 3206 supplevi
1310 3157 1378 3191 ex
1411 3141 1558 3191 Mon.
1581 3143 1663 3202 46,
1694 3146 1784 3193 19:
1823 3145 2055 3206 χαμᾶζεε
2095 3144 2261 3196 οὐδὲν
2299 3143 2376 3198 εἰς
2411 3148 2470 3199 ζε
2505 3146 2682 3210 λῆγον
2718 3144 2996 3212 ἐπίρρημα

424 3216 508 3278 τῷ
547 3215 582 3263 ᾶ
616 3210 1085 3276 παραληγόμενον
1121 3209 1593 3274 προπεριςπᾶται,
1630 3208 1773 3261 ἀλλὰ
1809 3210 1985 3274 μόνον
2020 3211 2089 3263 τὸ
2114 3215 2336 3276 χαμᾶζε.
2378 3217 2752 3279 παραιτοῦμαι
2776 3215 2837 3266 δὲ
2860 3215 2995 3266 τοὺς

427 3281 819 3344 περιςπῶντας
855 3278 1069 3342 θύραζε.
1105 3303 1171 3313 -
1222 3277 1256 3326 1.
1291 3279 1323 3327 8
1362 3276 1429 3328 de
1468 3276 1804 3341 Ὀλυμπίαζε
1860 3280 1933 3332 cf.
1970 3281 2048 3330 St.
2085 3283 2146 3330 B.
2182 3285 2309 3346 491,
2348 3285 2404 3334 7:
2456 3279 2759 3345 Ὀλυμπίας
2796 3283 2869 3335 τὰ
2903 3297 2995 3334 το-

426 3348 561 3400 πικὰ
599 3344 978 3410 Ὀλυμπίαθεν
1018 3343 1368 3408 Ὀλυμπίαζε.
1438 3343 1678 3410 Θήβαζε,
1729 3347 1875 3410 quod
1917 3350 2285 3415 ap.·Theogn.
2324 3353 2387 3400 15
2430 3352 2489 3401 in
2535 3347 2770 3414 Φοίβαζε
2817 3368 3000 3402 corru-

427 3423 578 3481 ptum
615 3422 729 3480 est,
766 3422 825 3466 et
862 3410 1154 3478 Ἀφίδναζέ
1190 3414 1375 3479 recepi
1410 3430 1477 3463 ex
1511 3414 1577 3465 Il.
1614 3416 1704 3468 Pr.
1745 3413 1778 3465 Γ
1812 3417 1905 3465 29:
1944 3418 2173 3479 χαμᾶζεε
2224 3420 2689 3482 προπεριςπᾶται·
2728 3417 2900 3483 ἐχρῆν
2934 3418 2996 3470 δὲ

426 3483 571 3548 πρὸς
603 3484 709 3534 τὸν
755 3484 1076 3547 χαρακτῆρα
1120 3478 1321 3546 τρίτην
1363 3479 1478 3532 ἀπὸ
1521 3480 1721 3533 τέλους
1767 3481 1911 3533 εἶναι
1955 3484 2062 3548 τὴν
2109 3483 2294 3536 ὀξεῖαν
2340 3486 2776 3550 ςυςτελλομένου
2819 3489 2923 3537 τοῦ
2961 3489 2996 3537 ἃ

427 3551 614 3615 ὥςπερ
658 3550 727 3601 τὸ
767 3547 1086 3613 Ἀφίδναζε,
1125 3547 1369 3613 Θήβαζε,
1407 3548 1592 3614 ἔραζε,
1637 3550 1806 3614 χωρὶς
1853 3548 1901 3601 εἰ
1948 3551 2021 3617 μή
2069 3551 2215 3603 ἐςτιν
2260 3552 2486 3618 ἀφορμὴ
2532 3553 2620 3605 ὅτι
2664 3557 2845 3605 ταῦτα
2880 3552 2996 3605 ἀπὸ

428 3618 756 3682 ὀνομάτων,
794 3620 969 3670 τοῦτο
1004 3616 1065 3668 δὲ
1099 3614 1215 3669 ἀπὸ
1260 3616 1637 3682 έπιρρήματος
1681 3620 1784 3669 τοῦ
1818 3618 2015 3682 χαμαί.
2084 3620 2153 3671 τὸ
2197 3620 2259 3672 δὲ
2296 3619 2494 3685 μέταζε
2537 3622 2801 3687 χρονικὸν
2847 3621 2998 3686 παρὰ

426 3686 692 3752 πρόθεςιν
745 3687 1040 3751 παρῆκται.
1093 3712 1159 3721 ——
1210 3687 1355 3737 Hinc
1409 3688 1579 3735 etiam
1630 3686 1819 3736 addidi
1879 3686 2076 3750 μέταζε
2131 3690 2316 3740 collat.
2361 3691 2507 3741 Mon.
2543 3693 2636 3754 46,
2682 3694 2772 3741 22:
2829 3689 2999 3742 οὐδέν

432 3769 711 3835 ἐπίρρημα
746 3769 836 3824 διὰ
870 3773 975 3822 τού
1012 3772 1107 3823 αζε
1145 3767 1529 3835 ἐκφερόμενον
1565 3769 1658 3821 ἐπὶ
1693 3769 1901 3834 χρόνου
1935 3770 2202 3838 τέθειται,
2247 3773 2391 3826 ἀλλὰ
2436 3773 2612 3837 μόνον
2657 3775 2727 3827 τὸ
2763 3773 2996 3838 «μέταζε

427 3836 729 3903 χατίζων».
834 3840 867 3889 l.
909 3843 970 3890 13
1009 3839 1077 3888 de
1117 3836 1416 3903 Ἀχαρνῆζε
1456 3839 1526 3891 cf.
1566 3839 1646 3889 St.
1671 3840 1734 3889 Β.
1775 3843 1892 3899 151,
1926 3844 1985 3890 4:
2026 3839 2309 3906 Ἀχαρναί;
2350 3841 2692 3906 Ἡρωδιανὸς
2728 3842 2998 3908 Ἀχάρνης

427 3908 618 3968 (Mein.
656 3904 948 3973 Ἀχάρνας)
986 3904 1321 3970 βαρύτονον*
1356 3904 1428 3957 τὰ
1460 3905 1667 3957 τοπικὰ
1702 3905 1781 3957 ὡς
1805 3904 1921 3960 ἀπὸ
1955 3908 2252 3974 ὀξυτόνου,
2292 3910 2633 3976 Ἀχαρνῆθεν
2663 3910 2996 3976 [Ἀχαρνῆςι,

432 3973 776 4040 Ἀχαρνῆζε1.
845 3977 916 4026 cf.
954 3975 1022 4026 do
1056 3975 1144 4024 his
1179 3979 1467 4038 praeterea
1501 3975 1689 4025 Dichr.
1723 3977 1842 4038 292,
1878 3979 1968 4040 27,
2006 3979 2109 4043 Ep.
2150 3979 2239 4030 Cr.
2275 3982 2393 4042 439,
2431 3982 2489 4039 ’1,
2525 3981 2589 4030 Ε.
2629 3982 2701 4030 Μ.
2740 3983 2864 4039 806,
2907 3984 2993 4029 10:

424 4062 660 4124 χαμᾶζεε
701 4057 845 4111 διατί
879 4059 1324 4123 πρδπεριςπᾶται
1347 4060 1450 4109 τοῦ
1478 4058 1716 4109 κανόνος
1753 4057 2046 4127 λέγοντος,
2086 4061 2174 4113 ὅτι
2195 4062 2267 4114 τὰ
2304 4061 2382 4115 εἰς
2416 4065 2475 4116 ζε
2500 4063 2750 4127 λήγοντα
2776 4061 2998 4127 ἐπιρρή-

427 4142 575 4192 ματα
608 4131 694 4194 τῷ
730 4129 767 4178 ἃ
802 4125 1243 4192 παραληγόμενα
1280 4125 1764 4192 προπαροξύνεται
1788 4125 1913 4179 οἷον
1938 4129 2164 4194 θύραζε,
2203 4130 2390 4195 ἔραζε;
2428 4131 2516 4183 ὅτι
2541 4130 2726 4182 ἐκεῖνα
2754 4131 2855 4195 μὲν
2881 4129 2996 4182 ἀπὸ

426 4195 708 4259 ὀνόματος
742 4193 955 4259 γίνεται
991 4192 1114 4245 οἷον
1151 4192 1351 4258 θύραζε
1389 4193 1451 4245 ἐκ
1485 4197 1589 4259 τῆς
1627 4194 1825 4259 θύρας,
1863 4195 2021 4261 ἔραζε
2058 4197 2120 4249 ἐκ
2153 4201 2256 4263 τῆς
2295 4198 2423 4264 ἔρας
2461 4200 2553 4250 καὶ
2592 4199 2860 4263 Ἀθήναζε
2898 4198 2997 4249 ἀπ’

428 4263 693 4329 Ἀθήνας,
739 4266 914 4314 τοῦτο
958 4260 1020 4314 δὲ
1066 4260 1181 4312 ἀπὸ
1226 4260 1602 4326 ἐπιρρήματός
1648 4261 1819 4314 ἐςτιν·
1869 4263 1985 4316 ἀπὸ
2029 4265 2135 4331 γάρ
2177 4269 2281 4317 τοῦ
2326 4265 2496 4331 χαμαί
2539 4265 2738 4330 γέγονε
2783 4267 2872 4319 καὶ
2918 4265 2997 4317 ὡς

426 4333 685 4398 διήλλαξε
722 4330 865 4396 πρὸς
899 4329 972 4382 τὰ
1006 4328 1151 4380 ἄλλα
1187 4330 1312 4394 περὶ
1347 4329 1417 4381 τὸ
1453 4330 1863 4394 ςημαινόμενον
1899 4332 1949 4398 (9
1987 4331 2242 4399 ἔτυμον),
2287 4335 2545 4401 διήλλαξε
2591 4336 2682 4387 καί
2730 4336 2857 4400 περὶ
2891 4334 2997 4385 τὸν

425 4401 622 4453 τόνον·
659 4400 695 4464 ἢ
733 4398 820 4451 ὅτι
857 4398 1042 4451 ἐκεῖνα
1080 4397 1182 4459 μέν
1220 4396 1392 4462 βραχὺ
1430 4398 1541 4461 ἔχει
1576 4397 1645 4449 τὸ
1682 4399 1744 4462 ἃ,
1779 4401 1956 4451 τοῦτο
1999 4400 2060 4453 δὲ
2104 4402 2332 4466 μακρόν.
2401 4403 2595 4455 κανὼν
2637 4401 2742 4468 γάρ
2779 4403 2928 4454 ἐςτιν
2964 4401 2997 4454 ό

428 4484 640 4549 λέγων,
678 4483 766 4537 ὅτι
809 4482 882 4535 τὰ
929 4480 1006 4534 είς
1031 4470 1099 4535 ἵε
1136 4480 1485 4546 ἐπιρρήματα
1531 4482 1971 4548 ςυνεςταλμένον
2015 4486 2128 4550 ἔχει
2169 4487 2239 4539 τὸ
2285 4486 2397 4552 πρὸ
2440 4486 2639 4539 τέλους
2674 4489 2711 4539 ἃ
2746 4485 2870 4540 οἷον
2905 4486 2998 4537 θύ-

430 4555 588 4619 ραζε,
627 4553 787 4618 ἔραζε
828 4551 980 4616 πλὴν
1014 4553 1119 4602 τοῦ
1153 4551 1376 4614 χαμᾶζε.
1432 4551 1611 4616 Apoll.
1647 4552 1715 4601 de
1752 4553 1879 4606 adv.
1917 4556 2014 4607 601
2052 4571 2201 4621 seqq.
2371 4555 2409 4606 l.
2445 4559 2507 4607 16
2542 4555 2759 4621 ἔκτοςε,
2797 4555 2996 4608 ἄλλοςε

431 4627 487 4669 ot
520 4623 555 4671 l.
594 4625 654 4673 17
695 4620 1006 4685 ἑκατέρωςε
1048 4629 1104 4671 et
1140 4620 1177 4669 l.
1213 4622 1280 4669 20
1315 4617 1483 4680 ὁμόςε
1521 4628 1873 4672 accesserunt
1918 4638 1985 4672 ex
2019 4623 2258 4690 Theogn.
2296 4625 2419 4685 156,
2458 4628 2536 4676 17.
2572 4652 2637 4660 --
2673 4626 2756 4676 De
2794 4624 2996 4689 Θριῶις

434 4688 504 4736 cf.
541 4690 623 4739 St.
660 4693 722 4742 B.
760 4693 877 4752 317,
916 4692 981 4739 10
1015 4686 1155 4753 Θρῖα
1188 4714 1256 4722 -
1292 4685 1514 4748 λέγεται
1558 4688 1649 4739 καὶ
1686 4686 1856 4753 Θριώ.
1890 4718 1956 4725 -
1990 4690 2062 4742 τὰ
2107 4692 2339 4744 πλεῑςτα
2384 4690 2472 4743 διὰ
2514 4695 2619 4745 τοῦ
2658 4696 2705 4744 U)
2743 4690 2997 4758 Θριῶθεν

431 4752 642 4819 Θριῶζε
683 4756 932 4823 [Θριῶςι]
973 4757 1063 4808 καί
1100 4753 1301 4820 Θριᾱςι.
1337 4782 1404 4792 —-
1438 4758 1522 4806 De
1559 4755 1791 4809 κυκλόςε
1828 4759 1895 4809 11.
1930 4760 2021 4810 Pr.
2057 4758 2109 4811 Δ
2143 4763 2268 4811 212:
2315 4761 2442 4825 περὶ
2481 4759 2542 4811 δ’
2576 4759 2755 4812 αὐτὸν
2799 4759 2997 4826 ἀγηγέ-

429 4822 565 4886 ραθ’
599 4824 744 4876 δςςοι
779 4823 988 4889 ἂριςτοι
1027 4822 1267 4876 Κύκλοςε
1318 4820 1671 4888 Ἀρίςταρχος
1709 4825 1810 4888 μὲν
1845 4825 2224 4890 ὀνοματικῶς,
2267 4826 2352 4879 ἵν’
2385 4829 2421 4894 ᾗ
2467 4827 2782 4894 ἀγηγέρατο
2825 4829 2999 4894 δῆμος

428 4918 496 4927 -
533 4890 723 4944 Νικίας
758 4891 819 4943 δὲ
866 4894 959 4944 καὶ
1007 4892 1040 4943 ό
1079 4890 1489 4957 Ἀςκαλωνίτης
1534 4893 1767 4949 κυκλόςε
1812 4893 1892 4949 ὡς
1937 4895 2118 4949 «πόοε
2162 4895 2447 4963 φεύγετε»
2483 4897 2568 4960 (Il.
2605 4896 2663 4950 Π
2695 4898 2811 4962 42),
2856 4897 3000 4961 ὅπερ

2454 4980 2593 5046 32*
