3664 5546
621 303 750 368 384
1558 303 1640 359 εκ
1677 303 1817 357 τΩΝ
1863 302 2272 357 ΗΡΩΔιΑΝοΥ

623 475 779 553 ὄρος
834 476 910 540 τὸ
964 472 1184 538 Αἶπος.
1274 473 1682 551 Χρύςιππα
1736 471 1925 537 πόλις
1981 471 2250 536 Κιλικίας
2306 469 2436 536 ἀπὸ
2495 471 2864 548 Χρυςίππου
2917 476 3035 536 τοῦ
3089 472 3214 537 κτί-

623 595 866 640 ςαντος.
955 575 1437 652 Ἀργύριππα
1492 576 1678 639 πόλις
1741 578 1854 652 τῆς
1919 574 2209 639 Δαυνίας
2274 574 2434 637 κατὰ
2486 574 2604 637 τὸν
2662 573 2887 638 Ἰόνιον
2944 573 3212 638 κόλπον.

621 677 981 756 Λυκόφρων
1030 675 1109 738 «ὁ
1155 676 1211 738 δ’
1242 675 1645 753 Ἀργύριππα
1680 676 1987 740 Δαυνίων
2027 675 2464 753 παγκληρίαν»
2510 672 2709 756 (592).
2780 674 2938 754 αὕτη
2980 674 3213 753 Ἄρποι

622 778 927 842 ἐκαλεῖτο.
1014 778 1347 856 Διομήδης
1401 778 1556 855 μετὰ
1608 779 1723 856 τὴν
1780 776 2015 841 ἅλωςιν
2070 779 2181 853 τῆς
2226 777 2410 840 Ἰλίου
2467 776 2722 854 ἐτείχιςε
2779 777 2880 839 καὶ
2932 777 3212 854 μετωνό-

562 890 594 938 5
625 899 775 959 μαςε
831 879 1065 956 Ἄργος
1118 880 1389 943 Ἵππιον.
1480 880 1887 958 Βόρςιππα
1945 879 2133 943 πόλις
2190 877 2559 958 Χαλδαίων,
2614 876 2756 955 ἱερὰ
2800 877 3214 941 Ἀπόλλωνος

620 982 723 1044 καὶ
764 980 1157 1063 Ἀρτέμιδος,
1214 983 1620 1058 λινουργεῖον
1679 982 1854 1060 μέγα.
1944 978 2192 1055 λέγεται
2250 979 2353 1043 καὶ
2405 981 2710 1056 θηλυκῶς.
2811 977 3215 1058 Ἰάθριππα

621 1082 806 1146 πόλις
851 1081 1141 1162 Ἀραβίας
1184 1081 1453 1159 πληςίον
1495 1084 1608 1159 τῆς
1651 1082 1898 1159 Ἐγρας

707 1184 800 1247 Τὰ
855 1182 944 1246 εἰς
988 1184 1107 1262 ῥὸν
1154 1183 1498 1262 διςύλλαβα
1552 1183 1987 1262 προςηγορικά
2044 1182 2543 1261 παραληγόμενα
2596 1188 2691 1267 τῷ
2733 1185 2772 1247 t,
2828 1182 2930 1246 καὶ
2974 1182 3054 1260 μὴ
3098 1180 3211 1258 ἀρ-

621 1285 864 1363 χόμενα
907 1283 1038 1349 ἀπὸ
1084 1283 1484 1364 ἀμεταβόλου
1526 1283 1851 1366 ὀξύνεται,
1898 1284 2231 1366 ςφυρόν,
2276 1283 2563 1365 πυρόν,
2616 1282 2870 1359 ξυρόν.
2943 1283 3020 1345 τὸ
3066 1282 3214 1360 μέν-

530 1396 587 1444 ιῡ
622 1407 719 1449 τοι
788 1385 1036 1464 μύρον
1103 1385 1436 1465 βαρύνεται
1504 1384 1635 1450 ἀπὸ
1701 1385 2103 1464 ἀμεταβόλου
2171 1383 2551 1463 ἀρχόμενον.
2651 1385 2727 1448 τὸ
2795 1384 2865 1447 δὲ
2926 1382 3211 1460 Ψύρον.

623 1486 921 1565 (τράβων
979 1486 1048 1550 ἐν
1104 1493 1195 1571 τῷ
1253 1487 1330 1550 ιδ’
1374 1487 1464 1570 (p.
1494 1485 1666 1568 645)
1722 1487 1841 1551 «τὰ
1897 1486 2081 1564 Ψύρα
2135 1484 2270 1549 ἀπὸ
2321 1486 2721 1563 πεντήκοντα
2776 1484 3044 1549 ςταδίων
3099 1487 3212 1563 τῆς

623 1588 818 1665 ἄκρας
834 1611 877 1649 ».
967 1587 1349 1667 λαμβάνεται
1408 1590 1477 1651 δὲ
1533 1587 1741 1666 ὄνομα
1785 1588 1891 1652 ἐπὶ
1935 1587 2220 1670 εὐτελείᾳ
2277 1587 2381 1651 διὰ
2423 1589 2501 1651 τὸ
2546 1586 2994 1663 εὐτελεςτάτην
3046 1583 3212 1649 εἶναι

623 1690 738 1766 τὴν
783 1691 997 1766 νῆςον.
1090 1686 1395 1766 Κρατῖνος
1454 1689 1678 1766 «Ψύρα
1732 1690 1850 1754 τὸν
1905 1688 2231 1754 Διόνυςον
2297 1688 2609 1764 ἄγοντες»
2667 1688 2770 1751 καὶ
2823 1688 2894 1752 ἐν
2955 1686 3211 1764 Νεμέςει

625 1789 850 1867 «Ψύρα
908 1809 975 1853 τε
1029 1791 1145 1867 τὴν
1202 1777 1495 1867 (πᾶρτην
1553 1789 1765 1866 ἄγεις»
1823 1792 1927 1855 καὶ
1986 1789 2124 1854 (τύ
2140 1810 2281 1868 ρον
2349 1791 2619 1867 πληςίον
2680 1789 3030 1870 Καρύςτου,
3099 1790 3212 1865 τῆς

528 1899 584 1948 15
619 1890 884 1970 Εὐβοίας
922 1891 1108 1955 πόλις
1149 1892 1251 1956 καὶ
1296 1889 1567 1969 Μ’ύρον
1612 1892 1799 1956 πόλις
1844 1891 2107 1973 Λυκίας,
2153 1892 2191 1970 ἢ
2236 1892 2336 1956 καὶ
2380 1893 2670 1970 θηλυκῶς
2707 1890 2898 1968 Μύρα
2942 1889 3212 1969 λέγεται,

621 1992 804 2070 κύρια
848 1991 1007 2056 ὄντα
1051 1993 1246 2069 ὑγιῶς
1292 1993 1642 2073 βαρύνεται.

790 2095 884 2158 Τὰ
939 2095 1027 2159 είς
1078 2097 1203 2174 ρΐν
1250 2096 1530 2174 λήγοντα
1574 2095 1854 2173 καθαρὸν
1900 2095 2244 2175 διςύλλαβα
2288 2095 2526 2174 ἔχοντα
2571 2096 2699 2173 πρὸ
2746 2088 2973 2160 τέλους
3027 2093 3211 2172 φύςει

623 2197 867 2276 μακρὰν
913 2197 1287 2276 βαρύνεςθαι
1334 2196 1533 2279 θέλει,
1579 2196 1632 2260 εἰ
1678 2199 1758 2275 μὴ
1804 2198 1964 2260 κατὰ
1995 2197 2440 2276 μεταπλαςμὸν
2488 2196 2843 2275 μεταβολὴν
2887 2196 3211 2272 ποιήςεται

621 2299 881 2379 γένους,
949 2304 1237 2376 δῶρον·
1304 2298 1430 2362 ἔςτι
1493 2300 1596 2362 καὶ
1650 2299 1890 2376 Δῶρα
1955 2299 2140 2362 πόλις
2195 2298 2523 2379 Φοινίκης,
2588 2298 2908 2375 πρότερον
2975 2296 3214 2374 Δῶρος

519 2411 587 2461 20
621 2400 998 2479 καλουμένη.
1073 2399 1398 2463 Ἑκαταῖος
1442 2399 1608 2482 Ἀςίᾳ
1666 2399 1864 2478 «μετὰ
1918 2401 1990 2463 δὲ
2033 2399 2072 2475 ἡ
2129 2400 2323 2464 πάλαι
2378 2401 2648 2481 Δῶρος,
2706 2403 2823 2463 νῦν
2881 2399 2952 2462 δὲ
3008 2398 3214 2475 Δῶρα

622 2504 961 2566 καλεῖται».
1031 2504 1132 2565 καὶ
1177 2501 1384 2566 οὕτως
1416 2501 1713 2578 Ἰώςηπος
1744 2500 1945 2579 αὐτὴν
1973 2504 2154 2564 καλεῖ
2198 2501 2267 2566 ἐν
2314 2501 2363 2565 ε’
2408 2505 2520 2578 τῆς
2551 2501 2894 2578 Ἰουδαϊκῆς
2936 2499 3213 2576 ἱςτορίας

622 2603 701 2682 (e.
742 2605 796 2683 1,
829 2602 940 2683 22)
989 2602 1160 2666 «ἀπὸ
1207 2605 1321 2681 μὲν
1367 2601 1694 2680 Ἰορδάνου
1750 2602 1929 2681 μέχρι
1958 2603 2218 2680 Δώρων
2263 2602 2556 2667 πόλεως»
2604 2602 2706 2666 καὶ
2750 2601 2944 2665 πάλιν
2989 2601 3069 2681 (e.
3100 2598 3213 2679 22)

625 2703 907 2788 «Ἀζώτῳ
963 2705 1066 2767 καὶ
1108 2705 1370 2783 Δώροις
1426 2703 1847 2783 ὁριζόμενοι».
1937 2705 2037 2767 καὶ
2082 2704 2537 2785 Ἀρτεμίδωρος
2590 2704 2796 2783 Δῶρα
2850 2703 2966 2780 τὴν
3021 2702 3212 2765 πόλιν

624 2804 804 2870 οἶδεν
850 2805 920 2869 ἐν
965 2806 1232 2890 ἐπιτομῇ
1276 2809 1409 2870 τῶν
1456 2801 1536 2869 ια’
1567 2812 1890 2884 «ςυνεχῶς
1936 2806 1991 2870 δ’
2035 2806 2161 2870 ἐςτὶ
2202 2805 2575 2885 (τράτωνος
2617 2807 2885 2886 πύργος,
2932 2801 3070 2868 εἶτα
3114 2802 3210 2867 ἔνι

521 2930 586 2978 25
622 2908 827 2986 Δῶρα
871 2908 976 2973 ἐπὶ
1018 2911 1581 2986 χερςονηςοειδοῦς
1622 2908 1829 2971 τόπου
1871 2908 2160 2987 κείμενον
2190 2909 2639 2991 πολιςμάτιον,
2684 2906 3049 2986 ἀρχομένου
3094 2908 3244 2976 τοῦ,

624 3008 820 3088 ὄρους
872 3013 991 3073 τοῦ
1041 3010 1417 3088 Καρμήλου»
1476 3010 1578 3073 καὶ
1634 3009 1704 3073 ἐν
1760 3009 1815 3072 θ’
1873 3009 2479 3089 γεωγραφουμένων
2532 3010 2609 3072 τὸ
2664 3005 2839 3072 αὐτό.
2927 3006 3051 3070 ἔςτι
3108 3005 3213 3069 καὶ

622 3113 831 3188 Δῶρα
874 3113 1064 3187 νῆςος
1120 3110 1191 3174 ἐν
1246 3116 1339 3193 τῷ
1383 3110 1673 3194 Περςικῷ
1718 3110 1973 3193 κόλπῳ,
2029 3111 2192 3175 καθὰ
2237 3109 2534 3190 (τράβων
2596 3110 2675 3181 ις]
2719 3111 2807 3194 (p.
2854 3108 3004 3189 767)
3050 3107 3210 3172 «τὸν

624 3214 695 3276 δὲ
732 3211 1038 3290 Μαζήνην
1071 3211 1371 3289 ἐπάρχειν
1403 3212 1598 3288 νήςου
1637 3212 1812 3275 τινὸς
1855 3217 1986 3276 τῶν
2032 3212 2102 3276 ἐν
2145 3218 2237 3295 τῷ
2265 3212 2554 3295 Περςικῶ
2594 3212 2850 3294 κόλπῳ,
2895 3212 3210 3274 καλεῖςθαι

624 3314 694 3376 δὲ
739 3314 856 3391 τὴν
901 3315 1096 3389 νῆςον
1139 3313 1403 3391 Δῶρα».
1465 3313 1732 3391 Κῶρον
1777 3313 1963 3377 πόλις
2007 3316 2118 3390 τῆς
2153 3314 2615 3378 Καππαδοκίας.
2675 3317 2941 3392 μῶρον
2987 3311 3025 3374 ὁ
3061 3330 3209 3388 καρ·

521 3432 591 3484 3ο
630 3415 748 3479 πὸς
802 3411 915 3493 τῆς
971 3413 1183 3492 βάτου.
1270 3415 1546 3491 Δοῦρα
1599 3415 1785 3479 πόλις
1837 3413 2358 3498 Μεςοπόταμίας,
2417 3415 2507 3480 ῶς
2560 3415 2886 3495 Πολύβιος
2939 3412 3209 3495 πέμπτῃ.

794 3668 828 3724 1.
875 3671 908 3719 8
960 3685 1226 3720 canonem
1270 3669 1493 3720 Arcadii
1548 3669 1767 3735 explevi
1820 3686 1890 3720 ex
1943 3671 2091 3720 Mon.
2134 3671 2228 3732 38,
2273 3675 2336 3721 31
2393 3672 2615 3737 propria
2661 3671 2869 3721 addens
2954 3683 3094 3733 quae
3142 3683 3210 3718 ex

624 3739 702 3788 St.
740 3738 800 3788 Β.
843 3737 1078 3803 explevi.
1253 3737 1287 3788 l.
1327 3741 1385 3787 17
1424 3753 1518 3802 pro
1557 3736 1777 3786 Arcadii
1813 3753 2049 3788 canone:
2095 3736 2168 3788 τὰ
2213 3734 2291 3789 εἰς
2336 3745 2437 3806 δοῦ
2480 3739 2777 3802 διςύλλαβα
2822 3750 2984 3800 φυςει
3030 3738 3212 3800 μακρᾷ

624 3804 1068 3870 παραληγόμενα
1123 3804 1446 3869 βαρύνεται,
1502 3804 1712 3867 δῶρον,
1780 3808 2010 3868 (πεῖρον
2062 3804 2131 3856 τὸ
2187 3803 2435 3873 ἱμάτιον,
2490 3810 2720 3871 νεῦρον,
2775 3808 2963 3869 φῆρον
3015 3805 3212 3867 βρῶμα

622 3874 800 3937 θεῶν,
849 3873 1028 3937 μηρόν
1054 3873 1163 3923 -καὶ
1211 3870 1425 3936 μηρίον.
1497 3870 1862 3934 ςεςημείωται
1907 3872 1976 3922 τὸ
2023 3873 2272 3936 πλευρόν
2318 3880 2476 3943 posui
2519 3880 2874 3940 praeceptum
2927 3877 3006 3922 St.
3055 3874 3117 3924 B.
3168 3888 3211 3921 s,

623 3939 817 4004 (κίρος
872 3958 993 3991 cum
1047 3942 1428 3990 emendatione
1478 3939 1746 3989 Meinekii
1793 3956 1892 4004 pro
1957 3940 2100 4000 κατὰ
2154 3942 2513 4009 πλεοναςμὸν
2573 3940 2865 4005 ἀποβολὴν
2919 3937 3212 3990 scribentis

622 4007 766 4059 κατὰ
804 4008 1203 4071 μεταπλαςμὸν
1242 4005 1587 4070 μεταβολήν,
1627 4022 1767 4070 quae
1814 4008 1986 4058 verba
2033 4009 2207 4059 refert
2251 4014 2321 4063 ad
2364 4009 2809 4077 ςεςημειωμένον
2845 4005 3210 4070 πλευρόνμ-

622 4076 798 4140 Δῶρα
847 4077 1038 4126 addidi
1086 4092 1153 4126 ex
1199 4077 1279 4125 St.
1316 4076 1377 4124 B.
1424 4090 1466 4125 8.
1516 4074 1691 4137 Δῶρα
1737 4080 1791 4124 et
1839 4072 2092 4139 Δώριον,
2142 4093 2208 4126 ex
2254 4081 2584 4132 testimoniis
2632 4078 2790 4128 omisi
2828 4074 3049 4126 Claudii
3083 4074 3211 4124 Iulii

622 4150 818 4209 utpote
856 4145 1134 4208 scriptoris
1168 4144 1413 4192 incertae
1450 4142 1671 4193 aetatis:
1720 4142 1812 4192 καὶ
1853 4141 2119 4194 Κλαύδιος
2171 4142 2392 4200 Ἰούλιος
2438 4147 2500 4199 ἐν
2546 4138 2598 4208 γ’
2643 4144 2980 4198 Φοινικικῶν
3024 4140 3210 4204 «μετὰ

625 4208 949 4275 Καιςάρειαν
990 4210 1167 4274 Δῶρα
1208 4213 1386 4260 κεῖται
1428 4210 1654 4273 βραχεῖα
1688 4208 1955 4274 πολίχνη,
2005 4210 2288 4271 Φοινίκων
2321 4215 2505 4280 αὐτὴν
2538 4211 2882 4274 οἰκούντων,
2929 4209 2982 4262 οἳ
3017 4209 3104 4260 διὰ
3138 4207 3209 4258 τὸ

622 4277 954 4343 ὑπόπετρον
989 4279 1112 4327 τῶν
1141 4291 1205 4328 τε
1241 4275 1513 4339 αἰγιαλῶν
1548 4277 1639 4328 καὶ
1674 4276 1743 4327 τὸ
1780 4277 2079 4342 πορφύρας
2115 4278 2348 4348 γόνιμον
2385 4282 2752 4335 (υνελθόντες
2789 4277 2980 4331 καλιὰς
3016 4275 3210 4327 αὐτοῖς

623 4345 1064 4412 ᾠκοδομήςαντο
1110 4345 1200 4402 καὶ
1238 4344 1666 4410 περιβαλόμενοι
1701 4344 1971 4410 χάρακας,
2022 4345 2101 4397 ὡς
2137 4346 2428 4416 ὑπήκουεν
2463 4350 2655 4402 αὐτοῖς
2692 4347 2763 4400 τὰ
2798 4349 2900 4411 τῆς
2937 4342 3210 4409 ἑργαςίας,

622 4415 959 4476 τεμνόμενοι
1002 4412 1361 4480 reem-{mac
1397 4413 1486 4465 διὰ
1539 4414 1662 4463 τῶν
1698 4411 2112 4479 ἑξαιρουμένων
2158 4412 2333 4471 λίθων
2383 4417 2456 4470 τὰ
2496 4416 2656 4482 τείχη
2703 4413 3082 4478 κατεβάλοντο
3117 4412 3209 4462 καὶ

621 4482 730 4545 τὴν
767 4481 1011 4546 εὔορμον
1057 4482 1237 4546 χηλὴν
1275 4481 1435 4533 ὅπως
1471 4478 1597 4532 οἶόν
1632 4495 1695 4532 τε
1732 4479 2002 4545 ἀςφαλῶς
2045 4481 2271 4550 ἔθεντο,
2319 4485 2626 4547 ἐπώνυμον
2661 4483 2842 4548 αὐτὴν
2876 4485 2949 4547 τῇ
2987 4477 3209 4545 πατρίῳ

622 4549 843 4615 γλώςςη
880 4549 1019 4613 Δώρ
1064 4550 1386 4603 καλοῦντες.
1458 4547 1510 4600 οἱ
1556 4548 1617 4600 δὲ
1651 4547 1920 4613 Ἕλληνες
1968 4548 2125 4614 χάριν
2169 4557 2273 4605 τοῦ
2318 4557 2420 4619 τῆς
2466 4555 2668 4617 φωνῆς
2707 4548 3070 4616 εὐπροφόρου
3114 4559 3210 4597 κα-

624 4617 742 4668 λεῖν
787 4618 1090 4682 ἀρκοῦνται
1135 4618 1310 4682 Δῶρα
1363 4617 1472 4681 τήν
1517 4616 1697 4667 πόλιν.
1769 4615 1862 4668 καί
1916 4631 2065 4669 τινες
2111 4619 2386 4686 ίςτοροῦςι
2430 4620 2641 4684 Δῶρον
2694 4619 2799 4670 τὸν
2852 4614 3209 4670 Ποςειδῶνος

623 4682 869 4750 οἰκιςτὴν
915 4684 1092 4750 αὐτῆς
1138 4686 1486 4750 γεγονέναι.»
1656 4685 1689 4738 l.
1735 4688 1801 4736 29
1850 4684 2046 4752 Κῶρον
2093 4695 2149 4740 et
2194 4691 2386 4754 μῶρον
2439 4694 2796 4739 accesserunt
2850 4702 2916 4738 ex
2961 4685 3209 4748 Theogn.

630 4755 742 4819 131,
790 4759 871 4817 ιι),
908 4752 1102 4818 Acopa
1140 4771 1206 4803 ex
1244 4756 1322 4806 St.
1362 4757 1418 4806 Β.
1670 4771 1681 4778 ·
