3664 5546
660 395 788 461 522
1594 393 1678 447 εκ
1713 392 1857 447 mu
1896 391 2307 447 ΗΡΩΔιΑΝοΥ

663 572 814 631 θος.
871 563 1287 644 ςημειούμεθα
1314 564 1392 628 τὸ
1422 561 1586 643 ἀμῶ
1632 563 1798 643 ῥῆμα
1828 562 2272 641 ἐκτεινόμενον
2320 562 2449 627 «εἰς
2487 563 2656 642 ὥρας
2688 563 2943 645 ἀμῷεν»
2991 565 3039 645 (ι
3076 561 3237 642 135),

664 669 717 749 ᾧ
763 666 1089 732 ἀκόλουθα
1134 665 1441 745 ῥηματικὰ
1486 664 1591 730 «οἱ
1635 665 1704 729 δ’
1741 664 1902 729 ὥςτ’
1947 663 2386 743 ἀμητῆρης»
2432 664 2510 745 (Λ
2544 663 2688 745 67),
2732 665 2835 728 καὶ
2879 663 3134 740 «ὀλίγος
3176 665 3239 729 δ’

663 735 951 847 ἀμητὸς
997 769 1169 847 ἔην».
1259 766 1541 846 «ἀμητὸς
1586 766 1653 830 δ’
1696 764 2052 841 ὀλίγιςτος»
2097 766 2142 846 (Ι
2188 764 2362 846 223).
2450 767 2525 830 τὸ
2572 766 2643 830 δὲ
2697 765 2971 845 ἁμέρα,
3026 763 3238 846 ἀμος,

665 867 864 949 ἆμαρ
910 869 1221 952 διαλέκτῳ
1267 868 1424 932 κατὰ
1466 869 1714 947 τροπὴν
1761 867 2038 942 ἐγένετο.

602 985 636 1035 5
835 993 874 1027 κ
918 970 987 1034 Ἡ
1032 972 1117 1047 ιιι-ῤ’
1162 971 1438 1050 ςυλλαβὴ
1483 968 1766 1048 ἄρχουςα
1809 967 2272 1033 ἀςυνάλειπτος
2318 967 2507 1051 οὖςα,
2563 933 3039 1048 ἐπιφερομένου
3099 988 3239 1045 ςυμ-

662 1074 895 1152 φώνου
940 1073 1022 1150 μὴ
1066 1075 1184 1136 τοῦ
1229 1078 1296 1154 δ,
1353 1071 1785 1136 ςυςτέλλεςθαι
1841 1070 2043 1153 θέλει,
2100 1069 2292 1150 ἄρβη
2312 1074 2478 1152 λος,
2535 1069 2947 1151 ἄρκευθος,
3007 1068 3240 1151 ἀρκῶ,

662 1172 976 1255 ἄρκιον,
1023 1172 1290 1254 ἄρτος,
1338 1171 1632 1253 ἄρχων,
1679 1169 1948 1253 ἀργής,
1993 1173 2436 1250 Ἀργυννος.
2487 1172 2564 1237 τὸ
2608 1169 2852 1248 ἀργός
2898 1170 3240 1247 ἐκτεινόμε-

667 1295 785 1338 νον
834 1274 904 1337 ἐκ
945 1278 1063 1339 τοῦ
1107 1273 1339 1352 ἀεργός
1384 1274 1957 1352 ςυναληλιμμένον·
2000 1274 2077 1337 τὸ
2122 1275 2192 1338 δὲ
2232 1260 2275 1337 δ
2333 1272 2776 1353 ἐφυλαξάμην,
2834 1271 2972 1337 ἐπεὶ
3014 1272 3090 1336 τὸ
3134 1273 3241 1350 μὲν

672 1375 890 1453 ἄρδις
944 1359 1368 1458 ςυςτέλλεται,
1435 1377 1510 1440 τὸ
1567 1377 1638 1440 δὲ
1693 1374 1904 1453 ἄρδω
1960 1374 2296 1440 ἐκτείνεται
2355 1376 2509 1439 «τὸν
2565 1378 2726 1439 νοῦν
2778 1372 2874 1437 ἵν’
2918 1374 3100 1452 ἄρδω
3147 1375 3244 1437 καὶ

569 1487 627 1536 10
664 1478 832 1552 λέγω
862 1498 921 1540 τι
966 1478 1214 1543 δεξιόν»
1262 1475 1625 1562 (Aristoph.
1661 1476 1830 1564 qu.
1863 1477 1978 1559 96,
2015 1477 2180 1558 114).
2239 1480 2342 1542 καὶ
2369 1477 2446 1542 τὸ
2477 1476 2720 1555 ἄρδην
2751 1476 2823 1540 δὲ
2853 1475 3243 1540 ἐκτείνουςιν.

829 1605 866 1640 ιι
915 1578 1005 1643 Τὸ
1049 1581 1093 1642 ἃ
1136 1579 1609 1658 ἐπιφερομένου
1639 1584 1756 1644 τοῦ
1800 1583 1866 1662 E,
1913 1580 1966 1662 ᾧ
1999 1580 2418 1644 ὑποτέτακται
2462 1579 2769 1660 ἄφωνον,
2816 1577 3241 1642 ςυςτέλλεςθαι

661 1680 861 1763 θέλει,
918 1679 1201 1762 ἄςθμα,
1256 1679 1510 1763 ἀςπίς,
1573 1681 1788 1763 ἄςτυ,
1858 1682 2339 1762 Ἀςκληπιός,
2412 1678 2805 1760 ἀςχάλλω,
2873 1677 3245 1758 ἄςβολος,

662 1780 906 1847 ἀςκός.
996 1781 1201 1846 οὕτως
1246 1780 1371 1860 ἄρα
1415 1780 1663 1861 ὀφείλει
1708 1784 1811 1847 καὶ
1853 1784 1930 1847 τὸ
1975 1781 2305 1860 ἀςκήςας
2350 1783 2453 1849 καὶ
2496 1781 2874 1860 ἀςκηθείς.

831 1907 871 1943 κ·
914 1882 1004 1948 Tb
1050 1884 1092 1945 ἆ
1135 1883 1289 1960 ἔχον
1336 1883 1405 1948 ἐν
1449 1889 1528 1967 τῇ
1572 1884 1840 1968 δευτέρᾳ
1887 1887 2162 1968 ςυλλαβῇ
2205 1884 2282 1947 τὸ
2326 1871 2373 1950 ξ.
2426 1884 2466 1962 ἢ
2534 1888 2585 1961 ᾧ
2653 1885 2734 1962 μὴ
2806 1883 2876 1947 ἐν
2945 1881 3248 1961 ῥηματικῇ
3340 1923 3351 1936 -

568 1993 624 2044 15
662 1983 850 2049 κλίςει
897 1987 1071 2064 φιλεῖ
1125 1984 1589 2067 ςυςτέλλεςθαι,
1647 1984 1888 2067 ἄξων,
1946 1983 2194 2067 ἀξίνη,
2250 1972 2466 2067 ἀῷίς,
2523 1984 2763 2066 ἅψεα,
2819 1984 3248 2065 Ἄψυρτος,

661 2085 1027 2164 ἀψευδής.
1114 2087 1189 2150 τό
1236 2088 1308 2151 δὲ
1356 2084 1584 2153 «ἆξον
1631 2088 1709 2165 δὴ
1756 2087 1949 2166 ἔγχος
1991 2087 2398 2166 Διομήδεος»
2445 2086 2527 2167 (Ζ
2570 2084 2757 2167 306),
2802 2086 2904 2148 καὶ
2946 2085 3023 2149 τὸ
3072 2088 3251 2163 κρά-

661 2193 795 2252 ξον
841 2187 1259 2266 ἐκτεταμένον
1304 2187 1518 2266 ἔχουει
1564 2188 1640 2253 τὸ
1685 2191 1756 2271 ἃ,
1802 2189 1904 2252 διὸ
1949 2188 2117 2268 ἔφην
2163 2190 2244 2267 μὴ
2291 2188 2362 2251 ἐν
2409 2187 2713 2269 ρηματικῇ
2759 2187 2962 2250 κλίςει.

828 2316 865 2351 ιε
914 2288 1005 2353 Τὸ
1049 2290 1091 2351 ἆ
1134 2289 1261 2366 πρὸ
1305 2292 1422 2353 τοῦ
1466 2277 1499 2356 ἶ
1540 2289 1610 2354 ἐν
1642 2238 1907 2386 ὀνόμαςι
1949 2290 2374 2371 ςυςτέλλεται,
2419 2289 2644 2371 γάζα,
2689 2288 3021 2367 χάλαζα,
3074 2287 3251 2364 ἀζη-

662 2390 823 2472 χές,
869 2391 1135 2468 μαζός·
1182 2392 1683 2472 ςεςημειωμένου
1726 2396 1847 2456 τοῦ
1891 2395 2085 2470 μάζα
2130 2392 2231 2456 καὶ
2275 2391 2645 2471 Ἀμαζών
2657 2392 2759 2454 καὶ
2802 2383 3138 2455 ἀλαῖών.

560 2501 629 2552 20
832 2489 998 2554 Tb·
975 2512 995 2554 ι
1051 2492 1196 2556 κατ’
1250 2492 1454 2572 ἀρχὴν
1509 2494 1638 2572 πρὸ
1691 2498 1809 2558 τοῦ
1863 2515 1899 2557 τ
1953 2494 2382 2573 ςυςτέλλεται,
2439 2491 2635 2574 ἴτυς,
2692 2490 2998 2572 ἰταμός,
3074 2490 3251 2554 ’-Ιτα

664 2593 826 2674 λός,
859 2586 1206 2676 Ἰταμών,
1239 2592 1421 2658 ἰτέα.
1488 2596 1564 2659 τὸ
1594 2596 1716 2675 γὰρ
1750 2595 2051 2660 «Ἴτωνά
2079 2615 2189 2659 τε»
2226 2596 2303 2676 (Β
2337 2592 2491 2673 696)
2522 2593 2679 2658 καί’«
2699 2592 2934 2657 ἰτέαι»
2981 2593 3047 2670 (κ
3079 2589 3252 2672 510),

665 2694 1144 2773 ποιητικά.τό
1202 2695 1273 2759 δὲ
1331 2695 1767 2778 Ἰτυμονεύς
1822 2697 1900 2779 (Λ
1956 2695 2113 2778 671)
2167 2694 2519 2784 ἐκτέταται,
2575 2694 2823 2783 ὀφείλει
2876 2694 2948 2757 δὲ
2996 2695 3255 2803 ςυςτέλ-

664 2800 907 2879 λεςθαι,
954 2797 1060 2862 διά
1101 2797 1177 2862 τὸ
1223 2802 1276 2861 ῦ.
1365 2800 1468 2862 καὶ
1510 2799 1586 2864 τὸ
1629 2799 1890 2878 ἴτριον
1937 2799 2273 2864 ἐκτέταται.

831 2922 869 2958 κ
913 2899 1003 2963 Τὸ
1048 2901 1082 2961 ἶ
1125 2899 1601 2981 ἐπιφερομένου
1646 2900 1795 2966 ἑνὸς
1841 2902 2194 2980 ςυμφώνου
2223 2900 2467 2981 ἁπλοῦ,
2516 2899 2677 2977 ὅπερ
2722 2899 2853 2977 ἔχει
2899 2898 3252 2963 ὑποταςςό·

556 3011 622 3061 25
659 3018 856 3077 μενον
900 3001 933 3062 ἶ
975 3001 1015 3078 ἢ
1060 3003 1129 3083 i),
1186 3005 1364 3081 φιλεῖ
1417 3002 1788 3068 ἐκτείνεςθαι
1835 3002 2326 3080 ὑπεςταλμένων
2380 3007 2512 3065 τῶν
2557 3001 2717 3065 κατὰ
2771 3000 2999 3082 κλίςιν,
3060 2997 3252 3082 ἶβις,

658 3101 985 3184 Ἴβυκος,
1032 3102 1485 3195 {biam-iem,
1540 3104 1747 3187 Ἶρις,
1791 3106 2063 3186 Ἴλιον,
2121 3103 2357 3184 ἰνίον,
2413 3099 2569 3184 ἶφι,
2622 3100 3085 3196 Ἰτυμονεύς.
3176 3102 3251 3165 τὸ

660 3204 730 3266 δὲ
774 3201 945 3268 ἴτυς
979 3206 1304 3285 ἡςυςτέλλει
1349 3206 1422 3270 τὸ
1467 3208 1515 3269 “ι.
1603 3206 1678 3271 τὸ
1725 3208 1797 3270 δὲ
1842 3205 1949 3269 ἰ’θι
1995 3204 2185 3270 κλίςις
2231 3204 2551 3284 ῥηματική.

831 3330 869 3366 ιε
914 3305 1003 3369 Τὸ
1047 3308 1080 3369 ἰ’
1124 3307 1267 3370 κατ’
1320 3305 1525 3385 ἀρχὴν
1571 3307 2061 3386 ἐπιφερομένων
2119 3306 2239 3370 δύο
2285 3305 2649 3385 ςυμφώνων
2710 3305 2791 3383 μὴ
2846 3304 3005 3367 κατὰ
3052 3304 3249 3368 κλίςιν

660 3406 1091 3471 ςυςτέλλεςθαι
1157 3408 1357 3490 θέλει,
1421 3408 1644 3490 ἰ’ςχω,
1718 3407 1962 3491 ἱςτός,
2040 3406 2373 3488 ἰ’κτινος,
2438 3407 2822 3493 Ἴςμαρος,
2900 3404 3249 3484 ἴφθιμος.

558 3519 626 3570 30
661 3506 1071 3587 ἐφυλαξάμην
1129 3510 1201 3573 δὲ
1256 3509 1415 3573 κατὰ
1471 3509 1665 3573 κλίςιν
1720 3509 1825 3574 διὰ
1870 3508 1945 3573 τὸ
1998 3508 2322 3574 ’ίςτανον
2375 3508 2479 3572 καὶ
2518 3506 2752 3585 ιςτην.
2842 3506 3249 3585 ςεςημείωται

659 3609 733 3672 τὸ
777 3607 1056 3687 ἴκριον.

827 3737 865 3773 κ
913 3709 1003 3774 Τό
1047 3714 1082 3774 ῑ
1128 3712 1272 3775 κατ’
1326 3710 1530 3791 ἀρχὴν
1585 3713 1741 3793 ἔχον
1792 3714 1911 3793 τὴν
1969 3712 2273 3790 δευτέραν
2330 3710 2645 3788 ςυλλαβὴν
2701 3707 3066 3788 ἀρχομένην
3114 3709 3279 3784 ἀπὸ,

827 4033 931 4084 1.5
966 4034 1156 4086 Diehr.
1194 4036 1318 4097 29,7
1359 4037 1421 4084 14
1466 4035 1538 4087 cf.
1584 4034 1647 4084 11.
1684 4034 1773 4083 Pr.
1815 4032 1855 4085 C
1890 4036 2014 4085 521:
2061 4032 2332 4086 ἐκτατέον
2376 4035 2485 4098 τὴν
2531 4030 2768 4097 πρώτην
2813 4030 3095 4095 ςυλλαβὴν
3140 4034 3243 4083 τοῦ

656 4100 891 4165 ἀρδμὸς,
928 4099 1054 4153 ἐπεὶ
1090 4101 1180 4153 καί
1216 4101 1285 4153 τὸ
1322 4100 1476 4166 ἄρδω
1513 4102 1626 4166 ἔχει
1663 4096 2058 4164 ἐκτεινόμενον
2092 4102 2162 4153 τὸ
2198 4104 2257 4153 ἃ·
2295 4100 2444 4152 «τὸν
2479 4103 2619 4152 νοῦν
2651 4096 2737 4150 ἵν’
2772 4098 2926 4164 ἀρδω
2964 4100 3053 4150 καὶ
3092 4099 3244 4161 λέγω

657 4183 711 4219 τι
746 4168 985 4222 δεξιόν».
1055 4169 1159 4232 οὐχ
1194 4168 1294 4220 ὅςα
1332 4169 1522 4232 μέντοι
1560 4169 1621 4222 ἐν
1656 4170 1893 4234 ῥήμαςιν
1930 4169 2150 4221 ἔκταςιν
2188 4169 2327 4233 ἔχει,
2377 4168 2469 4220 καὶ
2514 4167 2575 4219 ἐν
2612 4167 2902 4230 ὀνόμαςιν·
2951 4166 3103 4232 παρὰ
3139 4167 3243 4231 γὰρ

657 4235 726 4287 τὸ
764 4235 911 4287 ἄςςω
947 4236 1038 4287 καὶ
1076 4235 1330 4288 κατάςςω
1377 4236 1467 4288 καί
1513 4237 1792 4300 μέλλοντα
1837 4237 1943 4288 τὸν
1986 4236 2102 4290 ἀξω
2149 4237 2241 4289 καί
2286 4223 2698 4301 προςτακτικὸν
2741 4234 2918 4287 «ἆξον
2963 4234 3031 4299 δὴ
3078 4235 3242 4298 ἔγχος

656 4303 1013 4368 Διομήδεος»
1050 4304 1137 4365 (11.
1174 4303 1223 4355 Ζ
1258 4302 1380 4366 306)
1419 4303 1453 4365 ἡ
1493 4303 1650 4370 ἀξίνη
1687 4304 1970 4357 ςυςτέλλει
2005 4304 2075 4356 τὸ
2112 4309 2175 4367 ἃ,
2224 4304 2376 4369 παρά
2410 4318 2473 4355 τε
2519 4302 2640 4368 ἀρῶ
2680 4302 2771 4354 καί
2816 4301 3032 4367 ἀρῶμαι
3070 4302 3244 4353 ἐκτει-

657 4370 900 4433 νόμενον
938 4371 1307 4434 ςυςτέλλομεν
1353 4372 1532 4435 ὄνομα
1569 4373 1745 4438 Αρην
1781 4371 2195 4425 «πιςςοκωνίας
2230 4372 2465 4438 ’.Αρηνιιν
2516 4358 2799 4435 Κρατῖνος.
2872 4370 3049 4422 Schol.
3086 4371 3241 4420 Harl.

657 4439 729 4488 ad
767 4439 870 4488 od.
907 4454 941 4488 ν
978 4439 1332 4494 247.1.11
1373 4441 1830 4502 Diehr.297,10.
1945 4440 2083 4491 l.14
2118 4441 2301 4491 Dichr.
2336 4444 2453 4499 293,
2492 4442 2539 4489 5.
2656 4439 2687 4488 Ι.
2730 4439 2790 4487 18
2826 4437 3015 4487 Dichr.
3038 4440 3157 4498 293,
3193 4440 3242 4487 9.

796 4507 830 4556 1
868 4509 934 4556 20
968 4507 1095 4557 Arc.
1137 4510 1259 4568 195,
1296 4510 1362 4559 28
1407 4504 1700 4570 ἰταμός-
1742 4506 1976 4572 Ἰταμών
2024 4514 2080 4559 et
2122 4508 2192 4559 τὸ
2238 4507 2300 4559 δὲ
2337 4505 2650 4569 Ἰτυμονεύς
2695 4519 2869 4570 usque
2906 4504 2978 4554 ad
3013 4504 3099 4556 διά
3136 4506 3239 4554 τοῦ

659 4588 692 4624 υ
738 4573 926 4623 addidi
969 4591 1037 4624 ex
1083 4575 1269 4626 Diohr.
1315 4578 1441 4638 297,
1488 4579 1578 4633 21;
1626 4574 1830 4640 ἴτριον,
1880 4576 2024 4641 quod
2068 4577 2125 4625 in
2172 4574 2630 4640 ςεςημειωμένοις
2677 4573 2823 4640 apud
2868 4573 3239 4623 Herodianum

658 4641 794 4703 fuit,
834 4646 892 4691 et
927 4657 1016 4705 ap.
1053 4642 1248 4692 Arcad
1298 4644 1447 4693 etin
1484 4643 1671 4696 Dichr.
1719 4645 1865 4695 inter
1907 4660 1975 4694 ea
2010 4644 2258 4708 irrepsit,
2306 4660 2445 4708 quae
2493 4642 2740 4707 regulam
2788 4640 3030 4701 faciunt,
3067 4654 3239 4705 quare

658 4706 749 4757 καὶ
783 4708 853 4759 τὸ
887 4706 1068 4773 ἴτριον
1104 4708 1397 4761 ἐκτέταται
1432 4712 1490 4760 in
1526 4710 1631 4761 fine
1669 4712 1922 4777 apposui.
2082 4712 2117 4762 l.
2154 4714 2219 4761 24
2256 4707 3012 4770 Diehr.298,19.1.28
3047 4706 3237 4757 Dichr.

658 4776 849 4835 298,1.
901 4774 1106 4839 ἴκριον,
1182 4778 1289 4827 uod
1327 4784 1454 4843 post
1479 4775 1628 4829 ἰςτός
1665 4780 1722 4828 in
1748 4779 1993 4829 alienum
2017 4778 2197 4829 locum
2219 4779 2455 4841 invasit,
2495 4779 2550 4827 in
2577 4777 2683 4826 fine
2709 4781 2769 4826 ut
2795 4773 3240 4839 ςεςημειωμένον

658 4840 836 4890 adieci
869 4849 1129 4894 monente
1214 4844 1413 4898 εἰη-εἰσ.
1552 4845 1587 4897 l.
1622 4848 1689 4897 32
1724 4846 1914 4899 Diehr.
1953 4849 2073 4910 298,
2107 4849 2159 4897 5.
