3664 5546
693 399 856 450 val
1761 403 2178 455 PRAEFATIO.

689 562 789 624 καὶ
832 559 1066 638 ἀνδρός
1111 569 1305 644 atque
1350 557 1473 622 hoc
1515 559 1782 641 Ἄγνοε,
1827 559 1884 622 si
1931 581 2091 623 vera
2135 567 2236 623 est
2278 560 2667 646 Goettlingii
2722 561 3091 628 emendatio
3137 584 3256 648 pro

689 661 930 738 (ἀγγοε
975 661 1028 724 C
1071 661 1177 724 vel
1226 662 1464 736 Γάγγοε
1510 658 1662 740 ΑΒ,
1710 659 1908 723 etiam
1952 660 2273 725 Arcadius
2317 661 2424 742 46,
2470 661 2553 725 22
2596 662 3013 749 praecedenti
3058 664 3257 743 ἀργός

686 773 1081 848 opposuerat
1147 761 1390 826 omissa
1431 759 1747 842 scilicet,
1820 771 1896 826 ut
1968 759 2165 843 solet,
2232 760 2687 847 explicatione.
2797 765 3036 831 Omisit
3098 787 3254 830 vero

684 863 1008 928 Arcadius
1038 864 1139 936 26,
1178 867 1208 926 1
1258 860 1432 948 quod
1474 873 1549 926 ut
1591 861 2053 949 homonymum
2098 875 2370 929 accentu
2415 862 2821 949 disparatum
2866 889 3011 930 cum
3057 867 3255 944 ἁγνός

681 967 1029 1052 componit
1056 963 1303 1045 Schol.‚
1349 965 1546 1041 ἄγνος
1587 964 1628 1043 ἡ
1675 964 1944 1048 βοτάνη,
1991 987 2157 1051 quae
2202 988 2335 1030 vox
2380 966 2766 1052 apponenda
2810 978 2912 1033 est
2945 967 3253 1033 Arcadio.

682 1107 762 1114 --
809 1057 1142 1132 Summam
1197 1087 1456 1152 operam
1512 1066 1785 1130 navavit
1838 1066 2251 1131 Herodianus
2310 1066 2758 1132 discernendis
2813 1069 3159 1135 adiectivis
3214 1091 3255 1133 a

681 1169 1083 1251 1101ninibuS‚
1130 1166 1410 1258 propriis
1456 1168 1540 1231 ab
1585 1166 1953 1231 nominibus
2010 1177 2075 1231 et
2128 1166 2541 1254 appellativis
2597 1180 2662 1233 et
2716 1171 3087 1252 adiectivis,
3144 1193 3251 1234 ne·

679 1294 804 1356 que
849 1294 976 1336 non
1021 1269 1321 1333 distinxit
1372 1270 1565 1332 unius
1613 1267 1918 1333 vocabuli
1972 1269 2191 1333 varias
2245 1269 2753 1353 significationes
2808 1294 2864 1336 e.
2909 1295 2972 1356 g.
3030 1275 3253 1353 μύριοί

683 1375 932 1456 μυρίος,
978 1374 1253 1453 νύμφιο(
1296 1372 1570 1452 νυμφίος
1612 1372 1764 1435 Arc.
1810 1370 1916 1451 41,
1961 1371 2063 1435 21.
2134 1372 2216 1437 In
2258 1371 2380 1435 hac
2423 1386 2692 1439 accentu
2739 1372 3253 1438 discriminanda

679 1496 911 1538 vocum
941 1473 1419 1557 significatione
1441 1471 1764 1537 Arcadius
1790 1474 1952 1536 satis
1982 1484 2285 1538 accurate
2311 1474 2672 1539 Herodiani
2700 1476 2983 1560 vestigia
3011 1477 3253 1564 pressit

680 1586 744 1638 et
788 1575 842 1638 si
889 1598 1056 1662 quae
1102 1574 1351 1657 omisit,
1396 1572 1740 1639 brevitatis
1786 1573 2005 1637 studio
2051 1574 2286 1639 ductus
2331 1575 2616 1641 videtur.

845 1676 1260 1742 Declinatum
1303 1676 1631 1741 nominum
1676 1684 1741 1739 et
1783 1675 2133 1740 verborum
2189 1677 2276 1741 ad
2332 1688 2669 1742 accentum
2726 1680 3249 1745 constituendum

677 1779 946 1843 multum
992 1779 1284 1845 conferre
1329 1776 1744 1842 Herodianus
1791 1777 2179 1863 pronunciat
2221 1779 2287 1842 in
2332 1779 2628 1844 Prooem.
2675 1779 2931 1845 Cathol.
2976 1793 3041 1846 et
3085 1804 3142 1845 e.
3182 1805 3246 1866 g.

678 1882 744 1943 in
791 1881 866 1945 Il.
912 1881 1019 1945 Pr.
1067 1882 1124 1945 Φ
1175 1881 1287 1943 141
1348 1881 1416 1944 ἐκ
1459 1884 1571 1958 τῆς
1613 1880 1874 1952 κλίεεωε
1930 1881 2237 1947 πολλάκις
2280 1883 2887 1963 καταλαμβανόμεθα
2941 1885 3096 1950 τοὺ(
3141 1885 3245 1949 τό-

676 2007 830 2049 νου(
894 1992 1025 2049 τῶν
1092 1984 1373 2049 εὐθειῶν.
1461 1981 1686 2068 Neque
1740 1980 2063 2043 Arcadius
2122 1980 2573 2047 declinationis
2638 1983 2879 2048 oblitus
2936 1993 3064 2067 est,
3130 1986 3243 2049 ubi

675 2095 982 2148 accentus
1028 2108 1112 2148 ex
1157 2107 1235 2148 ea
1276 2082 1520 2169 pendet
1561 2105 1617 2146 e.
1662 2105 1724 2166 g.
1773 2082 1839 2143 in
1884 2083 2253 2148 nominibus
2298 2085 2367 2147 in
2409 2088 2509 2150 ὧν
2553 2085 2946 2150 exeuntibus
2993 2086 3061 2148 in
3106 2087 3244 2172 qui-

675 2188 797 2250 bus
864 2186 1221 2252 Herodiani
1289 2194 1634 2272 praecepta
1698 2185 1792 2248 ita
1858 2185 2179 2265 servavit,
2248 2195 2321 2249 ut
2386 2185 2718 2250 doctrinae
2782 2190 2928 2267 περὶ
2990 2189 3256 2253 κλίεεω(

675 2289 1011 2369 ὀνομάτων
1059 2288 1330 2352 Arcadii
1374 2309 1653 2351 canones
1702 2285 1899 2349 tonici
1932 2300 2407 2373 ‘nonnunquam
2452 2288 2871 2374 opitulentur.

841 2389 1323 2476 Oithographia
1366 2389 1559 2453 etiam
1606 2387 2055 2451 constituendo
2102 2388 2399 2452 accentui
2453 2401 2677 2475 aptum
2735 2391 3098 2457 subsidium
3144 2402 3245 2455 est

675 2492 1046 2556 Herodiano
1114 2492 1182 2554 in
1247 2491 1586 2555 Prooemio
1651 2490 1865 2553 iudice
1931 2501 2123 2575 atque
2189 2491 2572 2576 saepissime
2637 2492 2701 2554 in
2770 2493 3111 2558 Catholica
3172 2492 3239 2555 in

671 2593 986 2658 auxilium
1031 2603 1266 2658 vocata
1321 2602 1442 2656 est.
1532 2590 1662 2654 Sed
1707 2591 2030 2655 Arcadius
2075 2592 2294 2654 omnia
2346 2591 2483 2655 fere
2537 2593 2666 2657 huc
2722 2596 3087 2679 spectantia
3130 2592 3240 2658 ad-

669 2707 1073 2778 notamenta‚
1130 2717 1404 2782 quorum
1456 2693 1734 2781 plurima
1788 2692 1855 2755 in
1909 2690 2054 2755 aliis
2110 2692 2436 2777 fontibus,
2504 2693 2680 2782 apud
2730 2695 3130 2783 Stephanum
3174 2708 3241 2761 et

670 2800 1160 2884 Theognostum
1204 2807 1469 2863 servata
1512 2805 1694 2875 sunt,
1741 2794 2003 2876 recidit3
2050 2803 2267 2858 tamen
2313 2796 2507 2859 etiam
2553 2820 2639 2860 ex
2669 2798 2957 2863 Arcadio
3003 2822 3238 2883 cogno-

668 2902 867 2964 scitur
899 2911 1250 2987 praecepta
1292 2895 1797 2983 orthographica
1838 2897 1905 2959 in
1948 2894 2284 2959 Catholica
2323 2898 2657 2962 exstitisse
2702 2899 2786 2963 cf.
2837 2923 2891 2964 e.
2924 2922 2988 2984 g.
3019 2902 3123 2980 51,
3154 2900 3237 2964 23

667 3025 980 3066 canonem
1047 3002 1128 3065 de
1194 3000 1561 3064 nominibus
1629 2998 1694 3059 in
1761 3003 1929 3060 ἐἶῖεόἑ
1994 3006 2061 3059 et
2105 3004 2238 3061 ιἰξοῗ
2294 3009 2360 3062 et
2414 3000 2496 3064 de
2550 3001 2922 3067 nominibus
2981 3003 3045 3064 in
3101 3007 3235 3082 ειλη

665 3115 729 3168 et
761 3110 859 3185 ιλη
908 3106 1051 3185 108,
1103 3104 1177 3166 17
1224 3112 1290 3165 ct
1338 3102 1481 3181 109,
1529 3102 1564 3163 7
1612 3109 1679 3161 et
1724 3097 2064 3183 aliquoties
2114 3099 2386 3164 Arcadii
2441 3101 2806 3166 emendatio
2865 3126 2991 3167 non
3048 3104 3238 3168 aliter

664 3206 836 3270 effici
882 3215 1100 3291 potest
1152 3204 1278 3266 nisi
1336 3200 1732 3265 restituendo
1785 3220 2036 3261 canone
2091 3200 2591 3288 orthographico
2649 3226 2704 3267 e.
2749 3226 2811 3286 g.
2856 3205 2973 3281 41,
3024 3206 3063 3267 8
3118 3206 3235 3269 ὅεα

665 3310 777 3372 εἰεί
822 3309 1141 3386 μονογενῆ
1188 3305 1317 3369 ἀπὸ
1363 3304 1729 3367 ἑνεετώτων
1773 3301 2077 3380 γινόμενα
2121 3303 2210 3368 εἰ(
2254 3306 2353 3367 ῶῖ
2397 3308 2525 3369 κτλ.
2572 3314 2636 3368 et
2680 3306 2851 3370 sicut
2896 3303 3231 3389 Theogno-

665 3419 838 3488 stus,
907 3407 1061 3469 dum
1126 3403 1659 3489 orthographicos
1726 3424 2003 3465 canones
2070 3414 2355 3467 statuere
2410 3404 2588 3487 vult,
2640 3429 2917 3470 canones
2985 3409 3231 3472 tonicos

665 3509 881 3593 ponit,
929 3508 1020 3569 sic
1064 3508 1170 3570 hic
1213 3505 1541 3570 Arcadius
1588 3526 1901 3567 canonem
1946 3504 2233 3568 tonicum
2292 3516 2585 3571 statuens
2642 3508 2922 3592 vestigia
2965 3508 3229 3571 canonis

666 3607 1145 3693 orthographici
1191 3607 1473 3692 reliquit.

831 3710 1129 3796 Denique
1173 3707 1514 3795 primarias
1558 3719 1777 3794 partes
1824 3708 1949 3771 sibi
1995 3707 2440 3794 depoposcunt
2484 3709 2746 3775 dialecti
2798 3712 2868 3774 in
2911 3711 3230 3775 Prosodia

662 3812 938 3897 (Herod.
994 3811 1060 3875 in
1105 3810 1444 3875 Prooemio
1490 3812 1569 3875 τὰ
1621 3817 1751 3875 τῶν
1797 3811 2144 3875 διαλέκτων
2203 3810 2505 3892 ἰδιώματα
2560 3815 2763 3892 δεήεει
2821 3813 3091 3894 ἀκριβῶ(
3145 3814 3227 3877 εἰ-

661 3916 889 4000 δέναι).
973 3912 1388 3977 Herodianus
1446 3933 1564 3997 pro
1622 3910 1939 3997 exemplis
1996 3911 2185 3974 affert
2238 3912 2466 3990 ἐλέγον
2525 3914 2756 3980 ἐκεῖνοι
2814 3915 3027 3979 Dores
3083 3936 3225 4000 pro-

660 4017 997 4099 nunciare,
1065 4012 1307 4079 Aeoles
1363 4014 1740 4094 Ἀφρόδιτα,
1806 4014 2020 4076 Dores
2078 4014 2452 4097 Ἀφροδίτα,
2520 4013 2733 4079 Schol.
2800 4015 2884 4079 ad
2939 4016 3221 4101 Dionys.

660 4118 1014 4182 Homerum
1070 4114 1440 4199 analogiam
1496 4123 1874 4201 sequentem
1929 4113 2143 4178 dicere
2200 4116 2455 4199 ὁμοῖος,
2510 4116 2769 4180 Atticos
2828 4118 3083 4201 ὅμοιος,
3140 4140 3224 4180 ex

656 4243 902 4285 canone
968 4217 1529 4305 pronunciandum
1596 4238 1740 4279 esse
1806 4217 2150 4300 τρόπαιον,
2219 4217 2337 4281 sed
2391 4216 2845 4303 Thucydidem
2910 4223 3223 4298 τροπαῖον

655 4322 978 4408 proferre,
1024 4321 1346 4400 Ἀχιλλεύς
1387 4319 1641 4398 Πηλεύς
1685 4319 1754 4381 in
1799 4317 2128 4380 communi
2181 4341 2305 4381 usu
2349 4319 2529 4398 acui,
2593 4320 2675 4385 ab
2721 4319 3036 4386 Aeolibus
3079 4342 3222 4404 gra-

653 4424 830 4505 vari,
900 4425 963 4486 in
1033 4422 1359 4485 communi
1420 4443 1545 4484 usu
1612 4420 1818 4499 εἰρκτή
1888 4417 2107 4500 leniri,
2186 4419 2576 4485 ab.Atticis
2643 4422 2851 4501 εἱρκτή
2884 4421 3217 4507 „aspirari

653 4524 1026 4607 Quaedam,
1073 4523 1190 4587 scd
1234 4542 1559 4608 perpauca
1602 4542 1686 4585 ex
1729 4519 1830 4583 his
1877 4520 2170 4584 servavit
2211 4521 2535 4586 Arcadius
2581 4523 2899 4587 sermonis
2956 4545 3219 4588 consue-

649 4627 861 4691 tudini
905 4625 1214 4689 intentuS.

817 4727 926 4791 Ex
968 4727 1084 4807 iis,
1131 4748 1295 4812 quae
1341 4725 1551 4790 adhuc
1581 4724 2063 4810 disputavimus
2078 4772 2097 4805 ‚
2145 4736 2209 4788 et
2251 4727 2598 4807 rationem,
2646 4749 2775 4815 qua
2806 4726 3219 4792 Herodianus

647 4830 714 4891 in
761 4828 1096 4892 Catholica
1149 4829 1387 4910 egerit,
1442 4825 1872 4890 illustravisse
1930 4825 2088 4888 mihi
2134 4827 2363 4891 videor
2419 4841 2484 4894 et
2530 4828 3043 4909 demonstrasse,
3091 4830 3221 4916 epi-
