3664 5546
616 321 788 368 XXIV
1695 314 2111 364 PRAEFATIO.

1861 471 1960 533 12.

759 575 871 645 ,Ε.
907 574 1132 639 Orion.
1182 574 1288 655 63,
1334 574 1416 638 32
1461 573 1830 654 Ἑρμείας·
1862 572 2005 651 ,ἐρῶ
2051 571 2175 636 ἑςτι
2221 571 2417 653 ῥῆμα,
2463 570 2589 650 ἀφ’
2635 570 2713 635 οὗ
2759 570 2967 649 ὄνομα
3013 570 3207 650 ῥημα-

623 679 800 743 τικὸν
845 678 1061 756 Ἐρέας
1105 678 1206 742 καὶ
1249 679 1632 759 πλεοναςμῷ
1675 678 1793 739 τοῦ
1837 677 1878 753 μ’
1922 673 2180 752 Ἑρμέας
2225 674 2327 737 καὶ
2370 673 2666 752 Ἑρμείας.
2726 672 3208 751 Ἡρωδιανὸς

621 780 706 845 ἐν
753 779 1308 859 ἐπιμεριςμοῖς.
1396 774 1686 839 Similem
1747 796 2074 840 consonae
2118 778 2158 853 ᾗ
2212 772 2662 860 pleonasmum
2719 773 2920 837 sumit
2963 771 3209 836 Herod.

622 882 692 944 in
735 880 1016 960 γναθμός
1060 879 1138 943 Ε.
1172 878 1263 942 Μ.
1309 877 1455 959 236,
1501 878 1572 957 4,
1619 877 1686 940 in
1728 879 1976 957 τέκμωρ
2019 874 2199 939 Mon.
2237 875 2343 956 32,
2375 874 2489 956 30,
2536 875 2604 937 in
2647 876 2956 955 Ἀλκμήνη
3000 872 3080 943 Ε.
3112 872 3204 937 Μ.

625 983 743 1064 66,
795 981 906 1053 16,
963 981 1073 1066 qui
1130 991 1501 1064 postremus
1557 977 1738 1043 locus
1809 998 1941 1042 non
1996 975 2430 1058 demonstrat,
2489 977 2662 1062 quod
2719 975 2864 1041 vult
2916 973 3209 1040 Hillerus

628 1092 879 1171 quaest.
934 1080 1294 1146 Herodian.
1341 1104 1404 1167 p.
1453 1080 1566 1162 65,
1624 1079 2078 1146 Herodianum
2135 1080 2218 1144 ab
2275 1077 2822 1163 originationibus
2877 1078 3211 1142 nominum

627 1185 1044 1274 propriorum
1087 1182 1547 1248 abstinendum
1592 1202 1735 1246 esse
1780 1181 2112 1245 iudicasse
2156 1178 2276 1244 sed
2321 1191 2547 1245 contra
2591 1180 2810 1266 potius
2855 1201 3004 1244 eum
3043 1201 3213 1243 sum-

629 1309 805 1352 mam
849 1287 918 1350 in
960 1286 1041 1349 iis
1089 1284 1456 1350 cautionem
1503 1281 1947 1348 adhibendam
1989 1303 2198 1368 neque
2229 1282 2558 1347 obstinate
2591 1281 3024 1347 decidendum
3070 1302 3213 1345 esse

631 1399 930 1476 putasse,
999 1386 1071 1449 in
1138 1408 1267 1470 qua
1320 1407 1390 1449 re
1448 1385 1771 1451 consentit
1826 1383 2245 1450 Herodianus
2307 1405 2451 1447 cum
2521 1383 2758 1449 sobriis
2825 1380 3215 1468 etymologis

632 1488 841 1554 nostri
886 1487 1056 1552 aevi.

1289 1602 1293 1607 ·
1872 1572 1971 1635 13.

803 1674 883 1738 E.
931 1673 1156 1738 Orion.
1204 1674 1316 1753 84,
1377 1674 1451 1736 11
1509 1676 1823 1752 κλῆρος;
1895 1674 1932 1737 ὁ
1991 1672 2467 1751 Ἡρωδιανὸς
2532 1674 2613 1738 ἐν
2669 1673 3219 1753 ἐπιμεριςμοῖς

635 1776 808 1856 παρὰ
851 1776 928 1841 τὸ
974 1778 1172 1841 κᾶλον
1216 1777 1292 1840 τὸ
1337 1776 1564 1857 ξύλον,
1612 1774 1752 1839 ἐπεὶ
1793 1775 1866 1840 ἐν
1911 1775 2124 1841 ξύλοις
2167 1775 2597 1853 ἐχαράςςοντο
2644 1774 2706 1839 οἱ
2750 1778 2989 1852 κλῆροι.
3020 1809 3104 1820 -
3140 1770 3219 1835 In

636 1877 762 1962 Ep.
809 1876 917 1941 Cr.
963 1875 997 1939 I
1041 1875 1168 1939 239
1212 1884 1279 1939 et
1322 1875 1402 1938 E.
1449 1875 1539 1938 M.
1584 1875 1739 1956 519,
1785 1875 1825 1939 6
1883 1874 2110 1939 titulus
2166 1873 2317 1940 libri
2374 1874 2582 1939 abest.
2671 1873 3122 1938 Herodianum
3179 1895 3220 1937 a

638 1999 928 2062 syncope
974 1974 1221 2042 vocalis
1269 1979 1310 2039 ἇ
1337 1997 1485 2040 >non
1530 1975 1951 2041 abhorruisse
1983 1974 2218 2042 docent
2263 1975 2502 2040 similia
2546 1981 2774 2055 κρῆθεν
2820 1997 2906 2040 cx
2949 1979 3221 2054 καρῆθεν

637 2077 718 2143 Il.
770 2078 880 2141 Pr.
933 2079 998 2143 Π
1051 2076 1208 2156 548,
1268 2078 1623 2157 κρήδεμνον
1680 2100 1765 2141 ex
1818 2080 2219 2158 καρήδεμνον
2265 2079 2345 2142 Ε.
2390 2077 2479 2141 Μ.
2524 2077 2679 2155 537,
2728 2077 2843 2159 31,
2894 2099 2933 2141 a
2983 2074 3221 2162 quibus

640 2190 861 2244 tamen
903 2178 1027 2242 hoc
1067 2178 1493 2264 productione
1539 2177 1783 2243 vocalis
1831 2183 1874 2243 ἆ
1920 2178 2156 2244 differt.

811 2415 889 2479 Ε.
940 2413 1163 2478 Orion.
1209 2414 1311 2498 88,
1359 2413 1442 2479 23
1488 2418 1715 2481 κονία
1758 2418 1934 2496 παρὰ
1978 2418 2053 2483 τὸ
2097 2424 2272 2483 κονῶ
2317 2418 2527 2500 κονία,
2573 2419 2610 2501 ᾖ
2658 2418 2925 2493 ἔγκειται
2969 2418 3008 2495 ἡ
3052 2418 3228 2482 κόνις

644 2520 860 2584 κόνιος
912 2519 1098 2583 κονία
1152 2515 1241 2582 ὡς
1301 2517 1533 2596 Κύπρις
1592 2519 1869 2598 Κύπριος
1916 2520 2173 2597 Κυπρία.
2262 2518 2745 2596 Ἡρωδιανὸς
2802 2520 2881 2584 ἐν
2927 2519 3226 2598 Ἐπιμε-

646 2622 983 2701 ριςμοῑς,
1028 2640 1194 2704 quac
1240 2616 1495 2683 collatis
1541 2618 1621 2682 E.
1668 2619 1759 2682 M.
1804 2619 1961 2701 528,
2019 2618 2144 2703 ΕΡ.
2196 2618 2305 2683 Cr.
2352 2617 2386 2681 I
2430 2618 2556 2683 232
2612 2628 2679 2682 et
2722 2618 2803 2681 E.
2851 2617 3076 2682 Orion.
3125 2618 3227 2697 89,

642 2720 727 2783 29
771 2719 868 2782 sic
910 2718 1047 2783 fere
1092 2719 1442 2785 scribenda
1486 2730 1664 2785 sunt:
1715 2721 1925 2787 κονία’
1970 2722 2145 2800 παρὰ
2188 2722 2264 2786 τὸ
2311 2727 2442 2786 κνῶ
2495 2722 2570 2786 τὸ
2617 2721 2941 2786 διακόπτω
2985 2720 3226 2796 γίνεται

644 2822 779 2887 κνίς
824 2824 925 2886 καὶ
967 2825 1349 2907 πλεοναςμῷ
1400 2826 1517 2887 τοῦ
1563 2826 1601 2886 ὃ
1645 2825 1850 2905 κόνις,
1906 2823 2029 2902 ἀφ’
2076 2822 2153 2887 οὗ
2196 2824 2414 2887 κόνιος
2457 2823 2670 2905 κονία,
2725 2824 2763 2905 ᾗ
2810 2822 3078 2898 ἔγκειται
3123 2823 3228 2884 κό-

647 2946 776 3007 νις,
825 2925 914 2989 ὡς
963 2924 1197 3003 Κύπρις
1245 2925 1520 3002 Κύπριος
1568 2924 1824 3002 Κυπρία.
1899 2921 2206 2986 Pleniora
2249 2921 2524 3006 praebet
2568 2921 2872 2986 Eustath.
2910 2919 3093 3000 1576,
3125 2921 3228 3001 52,

648 3023 762 3108 qui
803 3022 984 3087 locus
1031 3023 1315 3086 maxime
1361 3042 1506 3084 cum
1551 3021 1630 3083 E.
1663 3022 1751 3084 M.
1800 3022 1945 3101 528,
1989 3022 2106 3102 40,
2153 3022 2270 3086 ubi
2314 3021 2599 3085 auctoris
2645 3043 2883 3086 nomen
2928 3042 3228 3105 suppres-

649 3145 794 3186 sum
850 3129 977 3200 est,
1036 3121 1342 3185 concinit:
1405 3121 1734 3199 ςημείωςαι
1790 3123 1886 3187 ὅτι
1943 3123 2372 3202 πρωτότυπον
2428 3124 2646 3188 κονίας
2697 3125 2736 3202 ἡ
2794 3122 2982 3187 κόνις.
3071 3121 3229 3202 αὐτὴ

651 3226 722 3287 δὲ
765 3223 1002 3299 γίνεται
1049 3221 1179 3286 ἀπὸ
1223 3226 1341 3286 τοῦ
1388 3225 1517 3286 κνῶ
1564 3223 1720 3285 κατὰ
1764 3222 2194 3306 Ἡρωδιανόν,
2236 3223 2345 3288 ἵνα
2389 3223 2427 3305 ᾖ
2475 3223 2621 3287 κνίς.
2708 3224 2812 3287 καὶ
2855 3224 3073 3302 ἐπειδὴ
3122 3225 3231 3289 οὐ-

649 3319 884 3387 δέποτε
930 3323 1093 3388 λέξις
1137 3322 1461 3402 Ἑλληνικὴ
1517 3323 1999 3404 μονοςύλλαβος
2056 3325 2432 3404 βραχύνεται
2488 3324 2632 3402 δίχα
2687 3329 2803 3388 τοῦ
2859 3324 2981 3407 τίς,
3039 3329 3231 3390 πλεο-

652 3424 824 3490 νάζει
868 3424 943 3487 τὸ
991 3427 1029 3486 ὃ
1074 3423 1173 3487 καὶ
1216 3422 1451 3498 γίνεται
1497 3423 1701 3506 κόνις,
1746 3423 1873 3503 ἀφ’
1916 3423 1992 3502 ἦς
2036 3425 2074 3501 ἡ
2120 3425 2330 3489 κονία·
2388 3424 2599 3502 ὥςπερ
2656 3412 2898 3504 δηλαδὴ
2955 3427 3058 3490 καὶ
3102 3426 3232 3496 ἀπὸ

652 3529 769 3589 τοῦ
814 3530 908 3588 θῶ
952 3525 1188 3599 γίνεται
1234 3523 1346 3588 θός
1392 3525 1493 3588 καὶ
1534 3527 1917 3608 πλεοναςμῷ
1948 3529 2091 3604 ,τοῦ
2135 3526 2169 3587 ἒ
2223 3527 2328 3589 διὰ
2380 3528 2496 3603 τὴν
2553 3526 2752 3605 αὐτὴν
2809 3527 3011 3592 αἰτίαν
3069 3528 3232 3592 θεός.

655 3625 828 3690 οὕτω
883 3627 954 3688 δὲ
1010 3626 1112 3688 καὶ
1167 3624 1233 3688 ἐκ
1287 3629 1405 3689 τοῦ
1460 3628 1591 3689 τλῶ
1644 3625 1796 3689 τλός
1852 3626 1954 3689 καὶ
2007 3624 2200 3690 ὄτλος
2253 3627 2395 3704 ἤτοι
2449 3628 2653 3692 πόνος
2707 3628 2965 3711 μόχθος,
3065 3629 3102 3706 ἡ
3161 3631 3232 3692 δὲ

655 3729 868 3805 χρῆςις
919 3729 1038 3789 τοῦ
1095 3730 1225 3790 κνῶ
1283 3726 1386 3789 καὶ
1439 3725 1511 3790 ἐν
1565 3732 1640 3809 τῇ
1686 3726 1896 3790 Ἰλιάδι
1941 3726 2012 3791 ἐν
2063 3733 2156 3810 τῷ
2203 3732 2357 3806 «κνῆ
2412 3729 2650 3806 τυρόν»
2700 3726 2805 3811 (Il.
2852 3729 2901 3793 Λ
2946 3727 3139 3813 638),
3197 3729 3234 3793 ὅ

656 3827 818 3891 ἐςτιν
864 3826 1122 3905 ἔκοψεν.
1210 3825 1333 3905 ἀφ’
1380 3824 1459 3890 οὗ
1504 3826 1729 3904 ἐρρέθη
1776 3827 1879 3890 καὶ
1933 3828 1972 3905 ἡ
2027 3828 2201 3892 κόνις
2263 3828 2354 3893 ὥς
2408 3828 2475 3892 ἐκ
2528 3830 2893 3908 παχυτέρου
2950 3830 3236 3908 ςώματος

659 3930 988 4006 κνηςθεῖςα
1032 3928 1136 3991 καὶ
1179 3927 1337 3990 κατὰ
1381 3926 1779 4005 Ἡρωδιανὸν
1824 3925 2028 3992 εἰπεῖν
2073 3927 2161 3992 εἰς
2207 3931 2563 4008 λεπτομερῆ
2623 3929 2844 3994 οὐςίαν
2888 3931 3238 4008 χωρήςαςα.

658 4066 741 4076 -
785 4026 1010 4091 Simile
1053 4031 1092 4089 ’ὁ
1138 4025 1446 4090 inculcati
1491 4025 1862 4111 exemplum
1909 4035 2008 4090 est
2052 4030 2171 4107 δήν
2217 4028 2336 4094 δάν
2384 4030 2545 4094 δοάν
2583 4027 2833 4094 Herod.
2866 4051 2972 4114 ap.
3003 4029 3097 4093 Io.
3132 4028 3239 4093 Al.

657 4130 773 4209 37,
818 4128 935 4208 313
994 4126 1496 4209 originationem
1551 4127 1733 4192 vocis
1791 4129 1963 4193 κόνις
2019 4151 2059 4192 a
2115 4137 2246 4194 κνῶ
2304 4128 2578 4215 adoptat
2633 4130 2798 4196 Lob.
2854 4129 3083 4193 Rhem.
3132 4129 3237 4214 29,

657 4228 764 4292 El.
811 4228 847 4292 Ι
886 4227 1014 4291 470
1056 4248 1264 4311 neque
1307 4226 1532 4311 inepta
1585 4237 1686 4292 est
1730 4230 2131 4313 comparatio
2192 4229 2588 4295 substantivi
2645 4231 2820 4296 κόνις
2875 4251 3021 4294 cum
3066 4230 3240 4295 adie-

658 4327 818 4393 ctivi
861 4328 1144 4413 speciem
1188 4336 1455 4411 'gerente
1498 4330 1709 4413 κονία,
1754 4331 1989 4414 quibus
2037 4333 2260 4397 ςπάνις
2305 4339 2370 4394 et
2403 4332 2632 4396 ςπανία
2677 4328 2918 4394 similia
2961 4340 3113 4395 sunt
3154 4331 3237 4394 cf.

659 4428 825 4494 Lob.
873 4426 1109 4491 Parall.
1154 4426 1299 4491 318.
1906 4515 1985 4579 15

831 4611 910 4679 E.
958 4609 1182 4676 Orion.
1227 4613 1339 4694 89,
1385 4615 1427 4676 4
1481 4617 1855 4694 κοίρανος
1920 4616 1959 4680 ό
2014 4621 2131 4680 τοῦ
2188 4620 2413 4694 καιροῦ
2468 4616 2686 4694 κύριος
2743 4616 2887 4682 οἷον
2943 4617 3242 4696 καίρανός

662 4732 755 4776 τις
799 4710 927 4795 ὤν,
972 4715 1290 4792 μεταθέςει
1334 4720 1450 4781 τοῦ
1493 4719 1536 4779 ἆ
1580 4717 1668 4781 εἰς
1713 4719 1750 4780 ὅ
1810 4717 1902 4781 ὡς
1955 4718 2129 4798 παρὰ
2172 4718 2249 4781 τὸ
2294 4715 2515 4794 ἀθρεῖν
2569 4718 2644 4781 τὸ
2706 4718 2963 4798 βλέπειν
3006 4719 3244 4799 Ὄθρυς
