3664 5546
585 380 801 427 CCVIII
1663 378 2080 427 PRAEFATIO.

585 556 641 596 e.
686 540 751 617 g'.
797 552 962 618 quae
1017 532 1098 595 de
1144 530 1555 617 Syracusano
1613 543 1954 616 praesente
2010 531 2119 617 exs
2138 533 2427 617 perfecto
2483 532 2766 598 formato
2812 554 2874 618 p.
2921 532 3077 615 295,
3127 534 3160 598 1

584 632 928 713 docentur,
987 630 1317 695 simillima
1378 644 1528 698 sunt
1581 624 1947 717 fragmento
1992 632 2239 697 Herod.
2285 635 2430 712 περὶ
2481 641 2614 699 τῶν
2668 635 2756 700 εἰ(
2814 640 2877 713 ιᾟ
2920 634 2991 698 in
3033 635 3162 700 An.

584 733 709 799 Ox.
758 732 858 797 IV
902 732 1062 814 338,
1094 733 1231 818 ⁴29,
1290 732 1368 797 de
1433 744 1703 799 accentu
1749 736 2079 800 nominum
2142 735 2209 798 in
2255 738 2356 800 W
2410 757 2475 820 p.
2519 734 2677 817 296,
2735 735 2820 800 23
2886 737 2970 801 cf.
3019 760 3163 803 cum

581 837 738 900 Arc.
784 835 900 917 32,
945 837 1016 918 53
1081 858 1166 899 ex
1211 835 1548 901 Catholica
1590 835 1922 901 fluxerunt
1965 837 2161 903 etiam
2207 858 2488 901 canones
2534 835 2615 900 de
2660 848 2933 903 accentu
2977 840 3165 905 verbi

582 939 776 1004 ἀείδω
822 961 883 1024 Ρ.
932 938 1086 1019 299,
1136 938 1207 1022 8ζ,
1257 938 1339 1003 de
1386 940 1588 1005 ἰάπτω
1631 963 1696 1027 p.
1743 938 1900 1020 304,
1948 939 2009 1020 6,
2059 938 2140 1003 de
2184 940 2391 1020 τεύχω
2435 938 2596 1004 ibid.
2643 940 2759 1023 233
2821 951 2923 1005 est
2965 942 3164 1005 etiam

582 1051 656 1105 ut
699 1039 1061 1129 Herodiani
1106 1040 1310 1104 verba
1355 1049 1621 1106 servata
1646 1111 1652 1115 ,
1676 1040 1809 1104 sint
1851 1064 1915 1127 p.
1963 1041 2117 1119 332,
2172 1042 2250 1106 16
2307 1043 2586 1108 λεύεετε·
2644 1043 3046 1124 Ἀρίεταρχοε
3089 1045 3161 1110 ἓν

581 1147 615 1207 ἰ
659 1145 910 1224 γράφει.
980 1145 1107 1219 ἐγὼ
1155 1146 1224 1209 δὲ
1270 1144 1583 1210 ἐνεετῶτα
1626 1143 1782 1209 αὐτὸ
1830 1146 2030 1228 λέγει,
2078 1166 2279 1230 quum
2322 1166 2426 1208 res
2473 1145 2568 1207 sic
2607 1143 2908 1209 tradatur
2936 1146 3004 1208 in
3034 1146 3160 1232 Ep.

582 1244 778 1309 Hom.
823 1244 949 1308 262
1005 1246 1258 1323 λέγουει
1314 1248 1385 1310 δὲ
1439 1245 1596 1311 αὐτὸ
1653 1245 1783 1310 ἀπὸ
1837 1251 1954 1311 τοῦ
2010 1248 2279 1331 λεύεεω,
2336 1246 2699 1311 Herodiani
2765 1258 2916 1312 sunt
2964 1270 3158 1334 porro

582 1356 930 1433 praecepta
976 1345 1056 1410 de
1101 1347 1463 1433 participiis
1521 1349 1647 1412 ἐών
1704 1348 1798 1413 ὤν
1843 1371 1907 1435 p.
1953 1347 2108 1429 333,
2155 1348 2270 1431 22,
2317 1346 2398 1412 de
2454 1349 2845 1436 anastrophe
2889 1371 3159 1436 praepo·

584 1449 892 1513 sitionum
945 1471 1010 1535 p.
1056 1449 1209 1530 314,
1257 1450 1317 1513 8.
1419 1449 1526 1513 Ex
1582 1451 1717 1513 eius
1773 1449 2260 1535 Orthographia
2313 1450 2591 1537 petitum
2659 1460 2760 1515 est
2825 1452 3161 1537 egregium

584 1550 664 1615 de
710 1551 903 1616 ἀείδω
950 1553 1086 1634 ᾄδω
1132 1550 1669 1615 adnotamentum
1713 1575 1778 1637 p.
1822 1551 1977 1631 298,
2028 1553 2126 1616 13.
2199 1551 2536 1633 Quaedam
2579 1562 2795 1617 autem
2843 1553 3162 1621 debentur

584 1653 777 1717 etiam
845 1651 1330 1736 ChoeroboscO,
1398 1677 1452 1717 e.
1517 1675 1581 1737 g.
1651 1653 1972 1740 expositio
2040 1654 2120 1718 de
2183 1654 2513 1719 declinatu
2573 1656 2908 1719 nominum
2973 1658 3040 1722 in
3106 1664 3160 1721 'sc

574 1780 646 1843 ·p.
716 1754 875 1837 295,
948 1754 1034 1818 20
1110 1756 1410 1839 congruit
1482 1778 1627 1819 cum
1699 1756 1875 1819 Diet.
1936 1779 2000 1842 p.
2065 1756 2225 1837 353,
2296 1767 2714 1843 praeceptum
2783 1758 2863 1823 de
2927 1760 3162 1826 ἱκέεθαι

584 1881 649 1944 p.
694 1858 849 1939 310,
895 1856 979 1921 25
1024 1880 1172 1922 cum
1218 1857 1448 1923 Choer.
1499 1856 1685 1922 Orth.
1731 1858 1887 1939 222,
1933 1858 2038 1922 30.

1399 2055 1500 2110 De
1539 2054 2009 2123 Etymologieo
2055 2054 2345 2110 Orionis.

751 2181 892 2247 Iam
936 2181 1050 2246 diu
1093 2182 1513 2248 observatum
1556 2193 1657 2248 est
1698 2182 1766 2246 in
1811 2182 2073 2247 Orionis
2120 2181 2576 2269 Etymologico
2626 2183 2878 2251 vicinos
2923 2187 3160 2251 articu-

581 2284 679 2352 los
748 2307 832 2348 ex
889 2282 1116 2349 eodem
1182 2282 1348 2350 libro
1411 2285 1771 2371 exscriptos
1828 2308 2003 2367 esse,
2069 2305 2278 2371 nuper
2328 2284 2653 2350 Henricus
2707 2286 3028 2353 Kleistius
3091 2289 3161 2353 in

582 2389 774 2453 docta
839 2386 1300 2451 dissertatione
1367 2385 1446 2450 de
1499 2384 1845 2451 Philoxeni
1905 2388 2315 2472 grammatici
2381 2387 2616 2452 studiis
2668 2387 3076 2476 philologieis
3093 2394 3156 2479 ³¹⁵)

582 2489 1030 2555 demonstrare
1075 2498 1345 2554 conatus
1402 2498 1534 2571 est,
1592 2499 1768 2553 certo
1826 2488 2110 2575 quodam
2164 2489 2391 2555 ordine
2437 2490 2744 2555 Orionem
2787 2491 3023 2575 libros,
3076 2515 3160 2558 ex

581 2592 818 2680 quibus
852 2590 1377 2681 Etymologicum
1417 2589 1728 2673 contulit,
1775 2592 2185 2679 excerpsisse
2217 2601 2414 2678 atque
2455 2614 2604 2656 eum
2635 2594 2960 2677 ordinem,
3007 2595 3160 2660 lieet

581 2694 636 2758 is
694 2693 1024 2758 interdum
1079 2694 1273 2759 certis
1330 2693 1721 2781 quibusdam
1778 2693 1859 2758 de
1916 2695 2133 2759 causis
2177 2695 2724 2782 interrumpatur,
2780 2696 2850 2760 in
2899 2698 3157 2763 univer·

581 2820 725 2861 sum
767 2798 941 2863 hunc
983 2821 1154 2878 esse,
1212 2805 1286 2861 ut
1337 2798 1622 2883 primum
1668 2797 1733 2861 in
1776 2797 1995 2864 fronte
2038 2797 2360 2884 uniusque
2416 2799 2731 2886 cuiusque
2774 2797 3001 2865 literae
3043 2824 3159 2867 no·

581 2901 859 2964 tationes
918 2922 1002 2965 ex
1045 2900 1532 2966 commentariis
1587 2900 1658 2962 in
1699 2912 1963 2987 poetaS,
2022 2900 2304 2964 maxime
2362 2901 2429 2964 in
2473 2901 2823 2966 Homerica
2867 2903 3160 2967 carmina

581 3003 840 3089 scriptis
885 3003 1328 3089 proferantur,
1388 3023 1495 3066 eos
1553 3001 1885 3087 excipiant
1929 3002 2163 3067 Sorani
2208 3001 2640 3089 etymologiae
2694 3000 3158 3068 vocabulorum

580 3107 664 3170 ad
718 3127 955 3193 corpus
1012 3105 1363 3169 humanum
1419 3103 1919 3190 pertinentium,
1979 3103 2212 3168 deinde
2269 3116 2619 3191 praecepta
2660 3105 3021 3171 Herodiani
3076 3128 3159 3169 ex

578 3207 764 3273 libris
822 3209 968 3286 περὶ
1024 3207 1463 3287 ὀρθογραφίαε
1518 3216 1582 3270 et
1634 3208 1781 3285 περὶ
1824 3213 2080 3288 παθῶν,
2138 3216 2278 3271 tum
2334 3217 2644 3292 excerpta
2688 3230 2772 3270 ex
2815 3206 3156 3273 Philoxeni

580 3308 766 3373 libris
828 3310 975 3388 περὶ
1028 3309 1527 3390 μονοευλλάβων
1585 3309 1912 3392 ῥημάτων,
1979 3310 2125 3388 περὶ
2177 3309 2784 3396 ἀναδιπλαειαεμοῦ,
2850 3313 2997 3391 περὶ
3049 3313 3160 3390 τῆ(

580 3413 780 3477 Ἰάδος
824 3411 1186 3494 διαλέκτου,
1232 3412 1378 3488 περὶ
1421 3415 1531 3489 τῆ(
1575 3416 1706 3476 τῶν
1738 3410 2064 3491 Ῥωμαίων
2112 3413 2477 3495 διαλέκτου,
2522 3423 2849 3498 postremo
2896 3411 3157 3476 articuli

581 3536 665 3578 ex
695 3512 1060 3577 Herodiani
1091 3512 1436 3600 Symposio
1470 3521 1537 3576 et
1567 3512 2017 3598 Epimerismis
2050 3523 2518 3599 proponantur.
2568 3515 2753 3596 Quae
2784 3514 3157 3580 observatio

581 3637 780 3703 quum
824 3613 1242 3679 manifestum
1288 3613 1406 3695 sit,
1464 3624 1778 3701 quantum
1832 3615 1917 3679 ad
1961 3613 2325 3680 Herodiani
2381 3615 2746 3682 doctrinam
2790 3618 3156 3682 accuratius

579 3717 1094 3800 cognoscendam
1154 3716 1464 3781 momenti
1517 3727 1712 3803 atque
1766 3715 2074 3803 ponderis
2132 3717 2406 3800 habeat,
2470 3741 2735 3784 necesse
2790 3728 2891 3783 est
2934 3717 3159 3783 dedita

580 3841 778 3905 opera
831 3820 1234 3906 perquirere,
1294 3841 1447 3882 num
1502 3818 1584 3884 ab
1642 3819 1816 3884 omni
1874 3829 2062 3906 parte
2121 3842 2277 3885 vera
2320 3819 2408 3884 sit
2451 3830 2516 3885 et
2571 3822 2626 3884 si
2671 3843 2836 3903 non,
2894 3821 3155 3907 quibus-

581 3943 731 3985 nam
774 3921 1015 3987 finibus
1062 3920 1148 3986 sit
1191 3920 1808 3986 circumscribenda.

747 4025 901 4089 Iure
944 4023 1266 4089 Kleistius
1322 4024 1394 4086 in
1435 4022 1824 4109 indagandis
1870 4024 2133 4089 Orionis
2189 4023 2482 4090 fontibus
2538 4046 2580 4089 a
2624 4023 2858 4090 Sorani
2912 4035 3155 4111 etymo-

579 4127 805 4212 logiis,
852 4126 1095 4213 quippe
1140 4147 1305 4210 quae
1350 4148 1550 4212 quum
1593 4148 1815 4190 omnes
1865 4125 1951 4190 ad
1996 4137 2215 4211 partes
2261 4126 2550 4212 corporis
2598 4136 2917 4214 spectent,
2962 4126 3154 4191 facile

579 4230 873 4313 dignosci
928 4229 1213 4313 possint,
1270 4227 1528 4291 initium
1584 4227 1973 4314 capiendum
2028 4250 2171 4292 esse
2227 4228 2561 4294 contendit
2615 4239 2808 4316 atque
2853 4229 3029 4316 quod
3075 4227 3156 4293 de

577 4331 810 4395 harum
865 4328 1290 4395 collocatione
1346 4330 1856 4416 circumscriptis
1916 4331 1995 4393 iis
2011 4378 2029 4411 ,
2093 4353 2260 4417 quae
2314 4333 2456 4418 ipse
2514 4330 2767 4414 attulit,
2830 4331 3153 4419 exposuit,

577 4444 746 4498 recte
788 4433 1195 4518 disputatum
1240 4423 1356 4496 est.
1427 4431 1557 4496 Sed
1602 4430 1774 4517 quod
1819 4455 1930 4497 eos
1975 4432 2284 4499 articulos
2298 4482 2315 4515 ,
2363 4435 2475 4522 qui
2508 4434 2742 4499 Sorani
2786 4433 3154 4498 notationes

578 4536 1006 4623 praecedunt,
1064 4556 1148 4598 ex
1191 4533 1671 4599 commentariis
1718 4534 1788 4597 in
1830 4546 2059 4620 poetas
2105 4537 2469 4624 exscriptos
2516 4559 2660 4602 esse
2716 4545 2781 4600 et
2835 4538 2892 4599 si
2935 4543 3152 4599 aucto-

579 4695 610 4702 —
635 4695 798 4701 ——---.

713 4777 765 4842 ¹³)
802 4775 1017 4828 Simssia
1061 4778 1157 4841 iis,
1205 4791 1344 4842 quae
1392 4776 1478 4826 hie
1526 4780 1899 4844 exponuntur,
1946 4777 2060 4829 dixi
2104 4751 2180 4828 in.
2208 4793 2440 4830 censura
2477 4776 2884 4830 dissertationis
2932 4773 3154 4829 Kleistii

579 4851 636 4901 in
671 4848 854 4898 Iahuii
887 4846 1192 4899 Annalibus
1230 4862 1278 4896 a.
1319 4847 1466 4898 1865.
