3664 5546
674 417 940 465 xxxxvl
1732 379 2166 465 'PRAEFATIQ

670 569 931 635 demum
974 571 1433 654 grammaticos
1478 571 1646 634 hanc
1674 571 2098 656 posteriorem
2143 570 2401 635 nomine
2433 571 2777 637 ςυνθέςεως
2809 591 3064 636 vocare.
3123 569 3252 634 Sed

666 673 827 735 haec
883 670 1140 736 Lehrsii
1197 671 1574 756 gravissimi
1632 672 1699 736 in
1754 672 1854 736 his
1913 672 2105 736 rebus
2164 672 2446 751 auctoris
2494 672 2820 736 sententia
2863 672 3253 757 reprobatur

666 772 991 837 constanti
1043 795 1167 837 usu
1214 772 1611 854 Herodiani,
1681 774 1791 858 qui
1857 781 2197 859 utramque
2258 772 2791 859 compositionem
2856 796 2988 837 non
3043 772 3253 836 solum

668 895 826 938 voce
873 876 1190 957 ςύνταξις,
1246 872 1363 937 sed
1417 875 1616 938 etiam
1659 873 1977 937 vocabulo
2025 875 2304 940 ςύνθεςις
2349 883 2416 939 et
2469 874 2590 938 hoc
2643 874 2902 960 quidem
2949 875 3249 960 frequen·

667 974 916 1039 tissime
962 974 1267 1056 denotat,
1336 995 1492 1040 voce
1547 996 1706 1040 vero
1750 977 2090 1054 παράθεςις
2135 997 2452 1061 nusquam
2514 975 2708 1040 aliter
2760 975 2890 1039 nisi
2947 974 3031 1039 ad
3077 972 3249 1038 desi-

666 1074 999 1158 gnandum
1046 1075 1201 1140 bina
1244 1075 1569 1141 vocabula
1613 1075 2035 1140 dissolvenda
2090 1098 2233 1140 esse
2277 1079 2504 1140 utitur.
2581 1075 2684 1140 De
2729 1075 3068 1142 vocabulis
3107 1078 3285 1141 ςύν-.

666 1185 833 1244 ταξις
879 1187 945 1241 et
989 1180 1485 1258 ςυντεταγμένος
1542 1200 1671 1242 non
1726 1187 1860 1259 est,
1918 1178 2092 1264 quod
2147 1176 2354 1241 multa
2399 1179 2603 1242 verba
2646 1179 2914 1258 faciam,
2974 1178 3040 1241 in
3088 1176 3251 1258 loco,

665 1277 749 1340 ad
792 1301 984 1364 quem
1027 1277 1338 1343 Lehrsius
1397 1278 1478 1342 de
1531 1301 1658 1343 usu
1712 1280 1940 1343 horum
1997 1278 2462 1344 vocabulorum
2519 1279 2856 1364 exposuit,
2912 1281 3059 1358 περὶ
3110 1301 3251 1359 μον.

664 1402 725 1463 p.
772 1379 892 1460 25,
952 1379 992 1441 9
1045 1381 1489 1446 ἁπαξάπαντες
1547 1382 1830 1448 ςύνταξις
1884 1378 2125 1444 dicitur
2181 1378 2263 1443 de
2318 1380 2769 1444 coniunctione
2823 1402 3056 1444 vocum
3123 1403 3250 1442 non

668 1501 821 1544 vere
864 1481 1398 1565 compositarum,
1446 1503 1638 1567 quam
1684 1480 2031 1546 brevitatis
2078 1502 2279 1544 causa
2321 1479 2444 1544 hoc
2490 1480 2960 1546 coniunctionis
2994 1481 3253 1545 nomine

667 1603 706 1642 a
751 1581 1216 1666 compositione
1273 1581 1670 1661 discernam,
1726 1581 1792 1644 in
1850 1581 1990 1646 loeo
2037 1581 2115 1646 Il.
2161 1580 2431 1646 Prosod.
2479 1583 2531 1647 Ο
2575 1582 2704 1646 555
2756 1583 2824 1645 in
2881 1583 3250 1662 περιέπουςι

666 1682 957 1761 πρόθεςις
1003 1685 1465 1765 ςυντεταγμένη
1509 1681 1894 1767 compositio
1940 1681 2362 1765 intellegitur.
2423 1682 2553 1747 Sed
2590 1682 3060 1748 vocabulorum
3104 1685 3249 1749 ςύν-

665 1789 829 1848 θεςις
873 1792 939 1847 et
980 1786 1318 1864 παράθεςις
1361 1806 1551 1849 usum
1580 1782 1972 1869 explicatius
2003 1781 2331 1848 illustrare
2362 1793 2640 1869 oportet.
2699 1784 2780 1848 In
2821 1784 2923 1847 his
2970 1785 3248 1850 ςύνθεςις

667 1885 747 1947 (le
787 1884 1251 1970 compositione
1283 1894 1663 1970 usurpatur:
1713 1885 1964 1963 εὐκλήῖς
1997 1885 2049 1948 Ω
2078 1885 2203 1948 318
2251 1886 2555 1952 ςύνθετον
2600 1895 2906 1966 vocatur,
2951 1887 3250 1965 δίςκουρα

668 1987 725 2049 Ψ
768 1985 893 2049 523
938 1987 1095 2050 κατὰ
1140 1987 1456 2069 ςύνθεςιν,
1502 1987 1853 2065 περιδέξιος
1898 1987 1955 2049 Φ
2004 1985 2123 2049 163
2168 1987 2512 2070 ςυνθέτως,
2556 1987 2895 2065 περίκειται
2945 1989 2958 2050 Ι
3006 1987 3126 2050 321
3176 1988 3248 2051 ἑν

668 2087 975 2170 ςυνθέςει,
1032 2089 1231 2152 αὑτοῦ
1279 2090 1292 2151 Ι
1339 2087 1467 2150 242
1511 2088 1582 2152 ἐν
1629 2089 1938 2170 ςυνθέςει,
1994 2088 2275 2166 περίοιδε
2326 2089 2369 2150 Κ
2413 2086 2536 2151 247
2584 2088 2655 2152 ἐν
2711 2089 3019 2172 ςυνθέςει,
3075 2089 3246 2167 περί-

666 2190 855 2253 πλεες
908 2189 959 2252 A
1002 2187 1128 2252 395
1183 2189 1527 2271 ςυνθέτως,
1594 2187 1922 2253 ὑπόκυκλα
1989 2188 2033 2253 C
2084 2188 2210 2252 375
2274 2190 2432 2254 κατὰ
2500 2190 2783 2256 ςύνθεςιν
2848 2190 3128 2275 proferri
3185 2198 3250 2252 et

667 2291 1071 2370 κυνυλαγμόν
1115 2290 1172 2353 Φ
1200 2289 1328 2352 575
1358 2289 1740 2354 ςυντίθεςθαι
1786 2288 2111 2352 dicuntur.
2173 2290 2277 2353 De
2320 2289 2645 2354 nonnullis
2678 2289 2970 2355 dubitari
3012 2299 3246 2377 potest,

663 2401 881 2455 utrum
912 2389 1432 2455 coniunctionem
1464 2412 1547 2452 an
1578 2390 2112 2474 compositionem
2142 2389 2542 2455 intellexerit
2571 2390 3016 2455 Herodianus:
3077 2393 3247 2472 βάςκ’

665 2493 749 2557 ἴθι
797 2495 843 2557 Β
888 2493 927 2566 8
973 2515 1099 2556 non
1157 2493 1538 2557 ςυντίθεςθαι
1595 2489 1897 2572 docetur,
1952 2492 2069 2555 sed
2126 2514 2208 2555 ex
2265 2514 2341 2556 eo
2396 2490 2568 2578 quod
2627 2479 2831 2558 verba
2874 2495 2942 2558 in
2986 2516 3049 2575 μι
3097 2515 3244 2557 eum

665 2594 1145 2679 praepositione
1191 2602 1444 2657 tantum
1489 2592 1788 2679 componi
1825 2590 2161 2674 dicuntur,
2207 2592 2704 2675 grammaticum
2747 2596 2830 2658 de
2873 2616 3032 2657 vera
3073 2615 3240 2658 com·

663 2695 986 2781 positione
1029 2693 1352 2780 cogitasse
1395 2702 1689 2781 apparet.
1778 2693 1994 2775 Quum
2040 2695 2452 2775 οὐδενόςωρα
2497 2696 2550 2759 Θ
2585 2695 2704 2759 178
2750 2694 3045 2759 disertim
3089 2696 3246 2760 κατὰ

665 2801 948 2863 ςύνθεςιν
1001 2796 1419 2882 pronunciari
1476 2796 1701 2859 dicens
1757 2799 2115 2876 κυνόςουρα
2160 2805 2522 2882 comparet,
2581 2797 2906 2882 integrum
2962 2798 3244 2861 vocabu-

666 2898 795 2963 lum
840 2921 986 2963 cum
1030 2908 1336 2983 corrupto
1381 2896 1793 2961 coniunctum
1838 2896 2240 2961 intellexisse
2285 2896 2546 2961 videtur
2588 2898 2834 2984 pariter
2862 2908 3058 2984 atque
3103 2919 3243 2962 cor-

661 3010 925 3087 ruptum
987 3022 1133 3064 eum
1188 3001 1444 3081 integro
1490 3020 1859 3062 connexum
1903 2999 1972 3060 in
2014 3000 2556 3082 γυναικὰνδρεςςι,
2613 2999 2787 3085 quod
2846 3001 3005 3064 κατὰ
3059 2999 3245 3064 τέλος

665 3094 1145 3183 ςυντεθειμένόν
1200 3097 1501 3183 perhibet
1545 3102 1597 3164 Θ
1642 3100 1789 3162 527.
1879 3098 2008 3162 Sed
2054 3100 2350 3178 ὀψιδύων
2394 3101 2451 3164 Φ
2493 3100 2620 3164 232
2674 3110 2940 3186 propter
2995 3098 3243 3165 vocalis

662 3206 1084 3267 mutationem
1147 3222 1266 3286 pro
1330 3200 1691 3284 composito
1755 3198 2066 3264 habuisse
2132 3199 2300 3263 sumi
2366 3210 2584 3286 potest
2648 3212 2714 3266 et
2771 3202 3244 3282 παλινόρμενον

664 3306 715 3369 A
758 3303 883 3367 326
939 3304 1373 3387 compositum
1429 3322 1572 3363 esse
1628 3300 1907 3364 fortasse
1964 3299 2265 3385 opinatus
2323 3311 2450 3383 cst,
2506 3324 2713 3390 aeque
2770 3313 2965 3387 atque
3017 3305 3243 3379 παλιμ-

664 3406 1103 3483 πλαγχθέντας
1158 3399 1242 3464 ad
1291 3401 1355 3466 Π
1399 3402 1481 3463 95
1537 3409 1601 3464 et
1658 3403 1924 3480 ςύμπαςι
1978 3403 2042 3466 Π
2082 3402 2207 3465 248
2264 3402 2320 3466 ei
2379 3402 2464 3468 ob
2520 3424 2868 3468 consonam
2926 3412 3245 3467 mutatam

665 3515 730 3569 et
774 3507 1186 3570 ναυςίκλυτος
1233 3506 1276 3567 Κ
1326 3506 1446 3568 109
1500 3503 1584 3567 ob
1640 3501 1931 3567 vocalem
1983 3504 2306 3567 variatam
2353 3505 2715 3591 composita
2768 3504 2974 3569 fuisse
3019 3503 3245 3567 verisi-

666 3605 821 3669 mile
871 3617 990 3669 est.
1081 3604 1212 3669 Sed
1258 3607 1315 3669 si
1370 3607 1613 3684 κήρεςςι
1658 3607 1989 3684 φορήτους
2034 3607 2087 3669 Θ
2131 3605 2253 3670 527
2302 3616 2365 3669 et
2410 3607 2622 3686 οὔρεςι
2676 3607 2970 3671 τέκτονες
3012 3605 3076 3670 Π
3118 3604 3245 3668 483

667 3708 980 3773 ςυνθέτως
1023 3705 1299 3792 proferri
1331 3715 1544 3787 vetat,
1588 3706 1658 3771 id
1689 3705 1770 3768 de
1801 3706 2269 3791 compositione
2299 3729 2427 3770 non
2463 3709 2672 3792 magis
2705 3705 2994 3789 intellegi
3031 3712 3245 3790 potest

663 3830 858 3893 quam
904 3808 959 3871 si
1004 3810 1380 3874 δυοκαίδεκα
1425 3810 1471 3872 Β
1514 3807 1637 3871 557
1685 3808 1856 3879 κατὰ,
1887 3808 2170 3872 ςύνθεςιν
2215 3807 2412 3872 scribi
2457 3809 2660 3874 iubet.
2748 3808 2992 3872 Vocem
3037 3807 3240 3885 παρά-

662 3916 824 3976 θεςις
870 3918 1010 3973 tum
1057 3919 1312 3974 tantum
1356 3918 1662 3994 usurpat,
1710 3909 1764 3972 si
1808 3907 2131 3973 vocabula
2175 3907 2598 3974 dissolvenda
2641 3932 2783 3973 esse
2828 3907 3241 3994 praeseribit,

662 4012 757 4073 ita
808 4021 884 4075 ut
937 4012 1097 4075 haec
1154 4033 1289 4076 vox
1343 4021 1408 4074 et
1459 4009 1915 4095 compositioni
1972 4019 2038 4074 et
2090 4011 2529 4077 coniunctioni
2586 4019 2974 4096 opponatur.
3062 4011 3240 4075 Δυο-

663 4116 918 4178 καίδεκα
962 4115 1120 4179 κατὰ
1167 4114 1448 4179 ςύνθεςιν
1493 4110 1985 4196 pronuncianda
2039 4134 2181 4176 esse
2234 4113 2516 4177 tra‘ditur
2561 4113 2607 4175 Β
2650 4111 2798 4191 557,
2856 4111 2974 4174 sed
3019 4111 3071 4175 Ο
3116 4110 3240 4173 678

665 4215 943 4278 refertur
998 4214 1359 4278 numeralia
1421 4212 1620 4277 scribi
1683 4211 1881 4276 etiam
1935 4214 2092 4278 κατὰ
2144 4216 2489 4293 παράθεςιν
2555 4217 2725 4292 τρεῖς
2789 4214 2890 4277 καὶ
2955 4212 3240 4293 δέκατος,

661 4316 840 4401 quod
883 4315 1071 4381 aliter
1113 4314 1320 4400 accipi
1366 4336 1496 4379 non
1525 4322 1740 4400 potest
1782 4314 1914 4376 nisi
1957 4314 2051 4377 sic
2094 4324 2166 4379 ut
2207 4315 2609 4399 significetur
2638 4310 2963 4377 vocabula
3008 4311 3236 4376 discri-

661 4415 974 4482 minanda
1015 4439 1189 4498 esse3
1247 4416 1403 4480 item
1446 4416 1510 4481 Π
1552 4415 1678 4479 248
1723 4417 1837 4479 ςὺν
1879 4419 2024 4479 πᾶςι
2069 4417 2441 4500 παράθεςις,
2502 4417 2744 4496 ςύμπας
2796 4415 3074 4479 ςύνθεςις
3116 4422 3237 4494 est,

663 4521 716 4584 Θ
758 4520 881 4582 441
930 4520 1014 4597 ἂμ
1054 4522 1330 4599 ,βωμοῖςι
1375 4519 1714 4596 παράθεςις
1770 4516 2125 4601 opponitur
2181 4517 2560 4602 scripturae⁴
2585 4517 2962 4597 ἀμβωμοῑςι;
3025 4516 3068 4577 Κ
3119 4513 3239 4576 109

664 4622 1071 4686 ναυςίκλυτος
1127 4629 1230 4683 est
1286 4620 1619 4702 ςύνθετον,
1687 4620 1872 4696 δουρὶ
1927 4619 2160 4683 κλυτόν
2226 4619 2295 4681 ἐν
2361 4620 2730 4700 παραθέςει,
2797 4617 3237 4696 ὀνομάκλυτος

663 4724 1138 4805 ςυντιθέμενον,
1183 4721 1391 4801 ὄνομα
1433 4722 1660 4784 κλυτὸς
1707 4721 1866 4784 κατὰ
1895 4721 2264 4799 παράθεςιν;
2310 4720 2361 4783 A
2389 4720 2514 4782 395
2557 4720 2893 4797 περίπλεες
2933 4739 3064 4785 non
3094 4739 3235 4782 ςυν-

662 4825 889 4907 θέτως,
948 4823 1063 4888 sed
1106 4825 1263 4889 κατὰ
1307 4822 1649 4903 παράθεςιν
1692 4823 1840 4900 περὶ
1882 4822 2072 4885 πλέες
2116 4818 2534 4884 scribendum
2579 4818 3004 4907 praecipitum
3066 4820 3110 4883 Ε
3159 4819 3238 4882 19
