<?xml version="1.0" encoding="UTF-8"?>
<!DOCTYPE html PUBLIC "-//W3C//DTD XHTML 1.0 Transitional//EN"
    "http://www.w3.org/TR/xhtml1/DTD/xhtml1-transitional.dtd">
<html xmlns="http://www.w3.org/1999/xhtml" xml:lang="en" lang="en">
 <head>
  <title>
</title>
<meta http-equiv="Content-Type" content="text/html;charset=utf-8" />
  <meta name='ocr-system' content='tesseract 3.04.00' />
  <meta name='ocr-capabilities' content='ocr_page ocr_carea ocr_par ocr_line ocrx_word'/>
</head>
<body>
  <div class='ocr_page' id='page_1' title='image "./grammaticigraec02unkngoog_0283.png"; bbox 0 0 3664 5546; ppageno 0'>
   <div class='ocr_carea' id='block_1_1' title="bbox 1187 366 3048 438">
    <p class='ocr_par' dir='ltr' id='par_1_1' title="bbox 1187 366 3048 438">
     <span class='ocr_line' id='line_1_1' title="bbox 1187 366 3048 438; baseline -0.005 -13"><span class='ocrx_word' id='word_1_1' title='bbox 1187 368 1345 425; x_wconf 88' lang='grc' dir='ltr'>ΠΕΡΙ</span> <span class='ocrx_word' id='word_1_2' title='bbox 1389 368 1778 425; x_wconf 76' lang='grc' dir='ltr'>ΚΑΘΟΛΙΚΗ(</span> <span class='ocrx_word' id='word_1_3' title='bbox 1815 366 2238 422; x_wconf 75' lang='grc' dir='ltr'>ΠΡΟΕΩιΔΙΑ(</span> <span class='ocrx_word' id='word_1_4' title='bbox 2275 368 2334 422; x_wconf 93' lang='grc' dir='ltr'>Α.</span> <span class='ocrx_word' id='word_1_5' title='bbox 2967 374 3048 438; x_wconf 81' lang='lat'>37</span> 
     </span>
    </p>
   </div>
   <div class='ocr_carea' id='block_1_2' title="bbox 448 541 3143 2565">
    <p class='ocr_par' dir='ltr' id='par_1_2' title="bbox 458 541 3047 933">
     <span class='ocr_line' id='line_1_2' title="bbox 461 541 3046 627; baseline 0.001 -18"><span class='ocrx_word' id='word_1_6' title='bbox 461 545 783 627; x_wconf 86' lang='grc' dir='ltr'>ὀξύνεται,</span> <span class='ocrx_word' id='word_1_7' title='bbox 830 544 928 610; x_wconf 82' lang='grc' dir='ltr'>οἷς</span> <span class='ocrx_word' id='word_1_8' title='bbox 971 545 1365 624; x_wconf 86' lang='grc' dir='ltr'>ἠκολούθηςε</span> <span class='ocrx_word' id='word_1_9' title='bbox 1410 546 1512 610; x_wconf 86' lang='grc' dir='ltr'>καὶ</span> <span class='ocrx_word' id='word_1_10' title='bbox 1555 546 1631 610; x_wconf 87' lang='grc' dir='ltr'>τὸ</span> <span class='ocrx_word' id='word_1_11' title='bbox 1677 542 2251 608; x_wconf 84' lang='grc' dir='ltr'>Πλατανιςτών</span> <span class='ocrx_word' id='word_1_12' title='bbox 2310 541 2519 622; x_wconf 88' lang='grc' dir='ltr'>ὄνομα</span> <span class='ocrx_word' id='word_1_13' title='bbox 2574 549 2883 623; x_wconf 84' lang='grc' dir='ltr'>ποταμοῦ.</span> <span class='ocrx_word' id='word_1_14' title='bbox 2971 548 3046 612; x_wconf 88' lang='grc' dir='ltr'>τὸ</span> 
     </span>
     <span class='ocr_line' id='line_1_3' title="bbox 461 644 3047 726; baseline 0 -12"><span class='ocrx_word' id='word_1_15' title='bbox 461 652 530 714; x_wconf 76' lang='grc' dir='ltr'>δὲ</span> <span class='ocrx_word' id='word_1_16' title='bbox 577 649 871 713; x_wconf 89' lang='grc' dir='ltr'>Βιςτών</span> <span class='ocrx_word' id='word_1_17' title='bbox 921 648 1009 712; x_wconf 84' lang='grc' dir='ltr'>ῶς</span> <span class='ocrx_word' id='word_1_18' title='bbox 1053 647 1157 712; x_wconf 87' lang='grc' dir='ltr'>διὰ</span> <span class='ocrx_word' id='word_1_19' title='bbox 1201 651 1317 712; x_wconf 87' lang='grc' dir='ltr'>τοῦ</span> <span class='ocrx_word' id='word_1_20' title='bbox 1362 653 1401 711; x_wconf 81' lang='grc' dir='ltr'><strong><em>ὃ</em></strong></span> <span class='ocrx_word' id='word_1_21' title='bbox 1447 646 1826 726; x_wconf 85' lang='grc' dir='ltr'>κλινόμενον</span> <span class='ocrx_word' id='word_1_22' title='bbox 1882 644 2135 710; x_wconf 82' lang='grc' dir='ltr'>ἐθνικὸν</span> <span class='ocrx_word' id='word_1_23' title='bbox 2196 644 2502 711; x_wconf 87' lang='grc' dir='ltr'>ὀξύνεται.</span> <span class='ocrx_word' id='word_1_24' title='bbox 2592 645 2930 726; x_wconf 86' lang='grc' dir='ltr'>ὁμοφωνεῑ</span> <span class='ocrx_word' id='word_1_25' title='bbox 2974 651 3047 714; x_wconf 79' lang='grc' dir='ltr'>δὲ</span> 
     </span>
     <span class='ocr_line' id='line_1_4' title="bbox 458 739 3044 835; baseline 0 -20"><span class='ocrx_word' id='word_1_26' title='bbox 458 757 547 835; x_wconf 83' lang='grc' dir='ltr'>τῷ</span> <span class='ocrx_word' id='word_1_27' title='bbox 590 757 795 835; x_wconf 86' lang='grc' dir='ltr'>κτιςτῇ</span> <span class='ocrx_word' id='word_1_28' title='bbox 843 750 1086 815; x_wconf 89' lang='grc' dir='ltr'>Βιςτόνι</span> <span class='ocrx_word' id='word_1_29' title='bbox 1131 756 1220 834; x_wconf 82' lang='grc' dir='ltr'>τῷ</span> <span class='ocrx_word' id='word_1_30' title='bbox 1265 751 1492 830; x_wconf 85' lang='grc' dir='ltr'>Ἄρεος</span> <span class='ocrx_word' id='word_1_31' title='bbox 1545 750 1650 814; x_wconf 77' lang='grc' dir='ltr'>καὶ</span> <span class='ocrx_word' id='word_1_32' title='bbox 1696 747 2084 827; x_wconf 72' lang='grc' dir='ltr'>Καλλιρρόης</span> <span class='ocrx_word' id='word_1_33' title='bbox 2141 750 2251 825; x_wconf 85' lang='grc' dir='ltr'>τῆς</span> <span class='ocrx_word' id='word_1_34' title='bbox 2298 739 2553 812; x_wconf 74' lang='grc' dir='ltr'>Νέςτού.</span> <span class='ocrx_word' id='word_1_35' title='bbox 2644 747 2928 831; x_wconf 87' lang='grc' dir='ltr'>ἀδελφὸς</span> <span class='ocrx_word' id='word_1_36' title='bbox 2973 754 3044 816; x_wconf 82' lang='grc' dir='ltr'>δὲ</span> 
     </span>
     <span class='ocr_line' id='line_1_5' title="bbox 459 849 2844 933; baseline -0.001 -15"><span class='ocrx_word' id='word_1_37' title='bbox 459 853 540 933; x_wconf 90' lang='grc' dir='ltr'>ἦν</span> <span class='ocrx_word' id='word_1_38' title='bbox 585 853 986 932; x_wconf 72' lang='grc' dir='ltr'>Ὀδομάντου</span> <span class='ocrx_word' id='word_1_39' title='bbox 1031 853 1069 931; x_wconf 88' lang='grc' dir='ltr'>ἢ</span> <span class='ocrx_word' id='word_1_40' title='bbox 1117 852 1424 917; x_wconf 87' lang='grc' dir='ltr'>Ἠδωνοῦ.</span> <span class='ocrx_word' id='word_1_41' title='bbox 1514 851 1673 917; x_wconf 86' lang='grc' dir='ltr'>ἔνιοι</span> <span class='ocrx_word' id='word_1_42' title='bbox 1721 851 1793 915; x_wconf 79' lang='grc' dir='ltr'>δὲ</span> <span class='ocrx_word' id='word_1_43' title='bbox 1839 849 2123 914; x_wconf 90' lang='grc' dir='ltr'>Παίονος</span> <span class='ocrx_word' id='word_1_44' title='bbox 2169 853 2287 914; x_wconf 91' lang='grc' dir='ltr'>τοῦ</span> <span class='ocrx_word' id='word_1_45' title='bbox 2329 850 2556 929; x_wconf 83' lang='grc' dir='ltr'>Ἄρεος</span> <span class='ocrx_word' id='word_1_46' title='bbox 2599 852 2844 916; x_wconf 90' lang='grc' dir='ltr'>παιδός.</span> 
     </span>
    </p>

    <p class='ocr_par' dir='ltr' id='par_1_3' title="bbox 456 952 3102 1344">
     <span class='ocr_line' id='line_1_6' title="bbox 626 952 3102 1038; baseline 0 -18"><span class='ocrx_word' id='word_1_47' title='bbox 626 956 719 1020; x_wconf 84' lang='grc' dir='ltr'>Τὰ</span> <span class='ocrx_word' id='word_1_48' title='bbox 774 955 861 1020; x_wconf 90' lang='grc' dir='ltr'>εἰς</span> <span class='ocrx_word' id='word_1_49' title='bbox 915 958 1067 1034; x_wconf 60' lang='lat' dir='ltr'>ffiffi</span> <span class='ocrx_word' id='word_1_50' title='bbox 1122 954 1414 1033; x_wconf 89' lang='grc' dir='ltr'>ἀρςενικὰ</span> <span class='ocrx_word' id='word_1_51' title='bbox 1471 954 1737 1020; x_wconf 91' lang='grc' dir='ltr'>ςύνθετα</span> <span class='ocrx_word' id='word_1_52' title='bbox 1795 952 1900 1017; x_wconf 88' lang='grc' dir='ltr'>διὰ</span> <span class='ocrx_word' id='word_1_53' title='bbox 1955 955 2072 1016; x_wconf 90' lang='grc' dir='ltr'>τοῦ</span> <span class='ocrx_word' id='word_1_54' title='bbox 2118 953 2208 1016; x_wconf 58' lang='lat' dir='ltr'>“xe-f&lt;</span> <span class='ocrx_word' id='word_1_55' title='bbox 2251 952 2592 1031; x_wconf 89' lang='grc' dir='ltr'>κλινόμενα</span> <span class='ocrx_word' id='word_1_56' title='bbox 2647 959 3038 1038; x_wconf 87' lang='grc' dir='ltr'>περιςπᾶται,</span> <span class='ocrx_word' id='word_1_57' title='bbox 3069 963 3102 1013; x_wconf 85' lang='grc'>5</span> 
     </span>
     <span class='ocr_line' id='line_1_7' title="bbox 458 1054 3042 1140; baseline 0 -17"><span class='ocrx_word' id='word_1_58' title='bbox 458 1059 947 1140; x_wconf 84' lang='grc' dir='ltr'>Ἀγλαοφῶν,</span> <span class='ocrx_word' id='word_1_59' title='bbox 979 1058 1402 1139; x_wconf 85' lang='grc' dir='ltr'>Ξενοφῶν,</span> <span class='ocrx_word' id='word_1_60' title='bbox 1435 1058 1844 1138; x_wconf 83' lang='grc' dir='ltr'>Ἀντιφῶν,</span> <span class='ocrx_word' id='word_1_61' title='bbox 1875 1054 2317 1136; x_wconf 86' lang='grc' dir='ltr'>Δημοφῶν,</span> <span class='ocrx_word' id='word_1_62' title='bbox 2350 1054 2730 1137; x_wconf 88' lang='grc' dir='ltr'>Εὐρυφῶν</span> <span class='ocrx_word' id='word_1_63' title='bbox 2761 1056 3042 1137; x_wconf 86' lang='grc' dir='ltr'>Ὁμήρου</span> 
     </span>
     <span class='ocr_line' id='line_1_8' title="bbox 459 1157 3042 1252; baseline 0 -27"><span class='ocrx_word' id='word_1_64' title='bbox 459 1159 592 1225; x_wconf 80' lang='grc' dir='ltr'>υἱός</span> <span class='ocrx_word' id='word_1_65' title='bbox 605 1209 623 1242; x_wconf 97' lang='grc'>,</span> <span class='ocrx_word' id='word_1_66' title='bbox 693 1160 1068 1240; x_wconf 89' lang='grc' dir='ltr'>Νικοφῶν</span> <span class='ocrx_word' id='word_1_67' title='bbox 1136 1159 1173 1224; x_wconf 93' lang='lat'>6</span> <span class='ocrx_word' id='word_1_68' title='bbox 1239 1159 1540 1242; x_wconf 87' lang='grc' dir='ltr'>κωμικός,</span> <span class='ocrx_word' id='word_1_69' title='bbox 1609 1159 2124 1240; x_wconf 87' lang='grc' dir='ltr'>Ἀριςτοφῶν,</span> <span class='ocrx_word' id='word_1_70' title='bbox 2188 1157 2225 1221; x_wconf 99' lang='lat'>6</span> <span class='ocrx_word' id='word_1_71' title='bbox 2293 1159 2819 1252; x_wconf 75' lang='grc' dir='ltr'>Βελλεροφόντης</span> <span class='ocrx_word' id='word_1_72' title='bbox 2884 1162 3042 1226; x_wconf 90' lang='grc' dir='ltr'>κατά</span> 
     </span>
     <span class='ocr_line' id='line_1_9' title="bbox 456 1260 2723 1344; baseline -0.001 -17"><span class='ocrx_word' id='word_1_73' title='bbox 456 1283 628 1327; x_wconf 90' lang='grc' dir='ltr'>τινας</span> <span class='ocrx_word' id='word_1_74' title='bbox 675 1263 1240 1344; x_wconf 91' lang='grc' dir='ltr'>Βελλεροφῶν,</span> <span class='ocrx_word' id='word_1_75' title='bbox 1293 1262 1703 1341; x_wconf 91' lang='grc' dir='ltr'>Κτηςιφῶν</span> <span class='ocrx_word' id='word_1_76' title='bbox 1748 1260 1969 1338; x_wconf 90' lang='grc' dir='ltr'>κύριον</span> <span class='ocrx_word' id='word_1_77' title='bbox 2017 1261 2117 1324; x_wconf 83' lang='grc' dir='ltr'>καὶ</span> <span class='ocrx_word' id='word_1_78' title='bbox 2162 1260 2348 1326; x_wconf 88' lang='grc' dir='ltr'>πόλις</span> <span class='ocrx_word' id='word_1_79' title='bbox 2392 1260 2723 1339; x_wconf 90' lang='grc' dir='ltr'>Ἀςςυρίας.</span> 
     </span>
    </p>

    <p class='ocr_par' dir='ltr' id='par_1_4' title="bbox 453 1363 3143 1853">
     <span class='ocr_line' id='line_1_10' title="bbox 622 1363 3038 1450; baseline 0.001 -21"><span class='ocrx_word' id='word_1_80' title='bbox 622 1364 716 1429; x_wconf 85' lang='grc' dir='ltr'>Τὰ</span> <span class='ocrx_word' id='word_1_81' title='bbox 761 1364 849 1430; x_wconf 85' lang='grc' dir='ltr'>εἰς</span> <span class='ocrx_word' id='word_1_82' title='bbox 879 1366 1032 1443; x_wconf 58' lang='lat' dir='ltr'><em>W</em></span> <span class='ocrx_word' id='word_1_83' title='bbox 1061 1364 1354 1442; x_wconf 86' lang='grc' dir='ltr'>ἀρςενικὰ</span> <span class='ocrx_word' id='word_1_84' title='bbox 1384 1365 1465 1443; x_wconf 89' lang='grc' dir='ltr'>μὴ</span> <span class='ocrx_word' id='word_1_85' title='bbox 1497 1364 1601 1427; x_wconf 87' lang='grc' dir='ltr'>διὰ</span> <span class='ocrx_word' id='word_1_86' title='bbox 1639 1367 1756 1427; x_wconf 88' lang='grc' dir='ltr'>τοῦ</span> <span class='ocrx_word' id='word_1_87' title='bbox 1788 1367 1864 1427; x_wconf 59' lang='lat' dir='ltr'>Vr</span> <span class='ocrx_word' id='word_1_88' title='bbox 1891 1363 2232 1441; x_wconf 86' lang='grc' dir='ltr'>κλινόμενα</span> <span class='ocrx_word' id='word_1_89' title='bbox 2265 1363 2632 1446; x_wconf 86' lang='grc' dir='ltr'>βαρύνεται,</span> <span class='ocrx_word' id='word_1_90' title='bbox 2664 1363 3038 1450; x_wconf 92' lang='grc' dir='ltr'>Τρύφων,</span> 
     </span>
     <span class='ocr_line' id='line_1_11' title="bbox 455 1465 3143 1549; baseline 0.001 -19"><span class='ocrx_word' id='word_1_91' title='bbox 455 1465 767 1548; x_wconf 76' lang='grc' dir='ltr'>Εόφων,</span> <span class='ocrx_word' id='word_1_92' title='bbox 815 1467 1096 1548; x_wconf 91' lang='grc' dir='ltr'>ςίφων,</span> <span class='ocrx_word' id='word_1_93' title='bbox 1156 1466 1427 1547; x_wconf 88' lang='grc' dir='ltr'>Ξίφων</span> <span class='ocrx_word' id='word_1_94' title='bbox 1484 1465 1691 1545; x_wconf 90' lang='grc' dir='ltr'>ὄνομα</span> <span class='ocrx_word' id='word_1_95' title='bbox 1747 1465 1970 1546; x_wconf 92' lang='grc' dir='ltr'>κυνός,</span> <span class='ocrx_word' id='word_1_96' title='bbox 2026 1465 2312 1545; x_wconf 92' lang='grc' dir='ltr'>κύφων.</span> <span class='ocrx_word' id='word_1_97' title='bbox 2401 1467 2475 1530; x_wconf 91' lang='grc' dir='ltr'>τὸ</span> <span class='ocrx_word' id='word_1_98' title='bbox 2533 1467 2603 1530; x_wconf 76' lang='grc' dir='ltr'>δὲ</span> <span class='ocrx_word' id='word_1_99' title='bbox 2654 1467 3038 1549; x_wconf 83' lang='grc' dir='ltr'>Κολοφών</span> <span class='ocrx_word' id='word_1_100' title='bbox 3078 1472 3143 1522; x_wconf 88' lang='grc'>10</span> 
     </span>
     <span class='ocr_line' id='line_1_12' title="bbox 454 1568 3037 1652; baseline 0 -18"><span class='ocrx_word' id='word_1_101' title='bbox 454 1570 670 1651; x_wconf 88' lang='grc' dir='ltr'>πόλις,</span> <span class='ocrx_word' id='word_1_102' title='bbox 715 1570 752 1652; x_wconf 84' lang='grc' dir='ltr'>ᾗ</span> <span class='ocrx_word' id='word_1_103' title='bbox 800 1569 1136 1650; x_wconf 89' lang='grc' dir='ltr'>ὁμοφωνεῑ</span> <span class='ocrx_word' id='word_1_104' title='bbox 1180 1569 1255 1634; x_wconf 88' lang='grc' dir='ltr'>τὸ</span> <span class='ocrx_word' id='word_1_105' title='bbox 1312 1572 1429 1633; x_wconf 88' lang='grc' dir='ltr'>τοῦ</span> <span class='ocrx_word' id='word_1_106' title='bbox 1473 1572 1720 1633; x_wconf 89' lang='grc' dir='ltr'>κτιςτοῦ</span> <span class='ocrx_word' id='word_1_107' title='bbox 1765 1568 2004 1650; x_wconf 88' lang='grc' dir='ltr'>ὄνομα,</span> <span class='ocrx_word' id='word_1_108' title='bbox 2062 1569 2164 1632; x_wconf 88' lang='grc' dir='ltr'>καὶ</span> <span class='ocrx_word' id='word_1_109' title='bbox 2208 1568 2630 1651; x_wconf 88' lang='grc' dir='ltr'>Τολοφών,</span> <span class='ocrx_word' id='word_1_110' title='bbox 2687 1570 2873 1635; x_wconf 89' lang='grc' dir='ltr'>πόλις</span> <span class='ocrx_word' id='word_1_111' title='bbox 2918 1570 3037 1635; x_wconf 93' lang='grc' dir='ltr'>Λο-</span> 
     </span>
     <span class='ocr_line' id='line_1_13' title="bbox 453 1670 3038 1753; baseline 0.001 -18"><span class='ocrx_word' id='word_1_112' title='bbox 453 1676 625 1750; x_wconf 90' lang='grc' dir='ltr'>κρῶν</span> <span class='ocrx_word' id='word_1_113' title='bbox 670 1676 799 1736; x_wconf 87' lang='grc' dir='ltr'>τῶν</span> <span class='ocrx_word' id='word_1_114' title='bbox 833 1670 1148 1753; x_wconf 84' lang='grc' dir='ltr'>Ὀζολῶν,</span> <span class='ocrx_word' id='word_1_115' title='bbox 1195 1672 1295 1736; x_wconf 88' lang='grc' dir='ltr'>καὶ</span> <span class='ocrx_word' id='word_1_116' title='bbox 1333 1671 1708 1751; x_wconf 87' lang='grc' dir='ltr'>κατηφών</span> <span class='ocrx_word' id='word_1_117' title='bbox 1739 1670 2029 1737; x_wconf 83' lang='grc' dir='ltr'>ὀξύνεται</span> <span class='ocrx_word' id='word_1_118' title='bbox 2075 1670 2165 1734; x_wconf 85' lang='grc' dir='ltr'>ῶς</span> <span class='ocrx_word' id='word_1_119' title='bbox 2210 1670 2466 1749; x_wconf 88' lang='grc' dir='ltr'>θηλυκά.</span> <span class='ocrx_word' id='word_1_120' title='bbox 2527 1672 2604 1735; x_wconf 89' lang='grc' dir='ltr'>τὸ</span> <span class='ocrx_word' id='word_1_121' title='bbox 2650 1672 2722 1736; x_wconf 82' lang='grc' dir='ltr'>δὲ</span> <span class='ocrx_word' id='word_1_122' title='bbox 2753 1671 3038 1753; x_wconf 88' lang='grc' dir='ltr'>Τυφῶν</span> 
     </span>
     <span class='ocr_line' id='line_1_14' title="bbox 453 1772 2567 1853; baseline -0.001 -15"><span class='ocrx_word' id='word_1_123' title='bbox 453 1772 936 1851; x_wconf 88' lang='grc' dir='ltr'>περιςπώμενόν</span> <span class='ocrx_word' id='word_1_124' title='bbox 982 1773 1104 1837; x_wconf 89' lang='grc' dir='ltr'>έςτι</span> <span class='ocrx_word' id='word_1_125' title='bbox 1149 1773 1621 1851; x_wconf 88' lang='grc' dir='ltr'>δικατάληκτον.</span> <span class='ocrx_word' id='word_1_126' title='bbox 1710 1774 1960 1849; x_wconf 88' lang='grc' dir='ltr'>λέγεται</span> <span class='ocrx_word' id='word_1_127' title='bbox 2006 1773 2129 1851; x_wconf 87' lang='grc' dir='ltr'>γὰρ</span> <span class='ocrx_word' id='word_1_128' title='bbox 2173 1773 2275 1837; x_wconf 85' lang='grc' dir='ltr'>καὶ</span> <span class='ocrx_word' id='word_1_129' title='bbox 2318 1773 2567 1853; x_wconf 92' lang='grc' dir='ltr'>Τυφῶς.</span> 
     </span>
    </p>

    <p class='ocr_par' dir='ltr' id='par_1_5' title="bbox 448 1874 3135 2464">
     <span class='ocr_line' id='line_1_15' title="bbox 622 1874 3034 1955; baseline 0.002 -17"><span class='ocrx_word' id='word_1_130' title='bbox 622 1874 715 1938; x_wconf 89' lang='grc' dir='ltr'>Τὰ</span> <span class='ocrx_word' id='word_1_131' title='bbox 759 1874 846 1939; x_wconf 89' lang='grc' dir='ltr'>εἰς</span> <span class='ocrx_word' id='word_1_132' title='bbox 891 1877 1028 1952; x_wconf 64' lang='grc' dir='ltr'>χίῖιιῖ</span> <span class='ocrx_word' id='word_1_133' title='bbox 1075 1876 1417 1955; x_wconf 91' lang='grc' dir='ltr'>διςύλλαβα</span> <span class='ocrx_word' id='word_1_134' title='bbox 1460 1874 1755 1953; x_wconf 85' lang='grc' dir='ltr'>ἀρςενικὰ</span> <span class='ocrx_word' id='word_1_135' title='bbox 1814 1874 2199 1955; x_wconf 85' lang='grc' dir='ltr'>βαρύνονται</span> <span class='ocrx_word' id='word_1_136' title='bbox 2256 1875 2336 1954; x_wconf 87' lang='grc' dir='ltr'>μὴ</span> <span class='ocrx_word' id='word_1_137' title='bbox 2396 1874 2555 1939; x_wconf 90' lang='grc' dir='ltr'>ὄντα</span> <span class='ocrx_word' id='word_1_138' title='bbox 2609 1880 2830 1954; x_wconf 92' lang='grc' dir='ltr'>μηνῶν</span> <span class='ocrx_word' id='word_1_139' title='bbox 2885 1877 3034 1943; x_wconf 89' lang='grc' dir='ltr'>ὀνό-</span> 
     </span>
     <span class='ocr_line' id='line_1_16' title="bbox 453 1976 3135 2060; baseline 0.001 -18"><span class='ocrx_word' id='word_1_140' title='bbox 453 1998 648 2059; x_wconf 90' lang='grc' dir='ltr'>ματα,</span> <span class='ocrx_word' id='word_1_141' title='bbox 708 1977 1026 2055; x_wconf 92' lang='grc' dir='ltr'>Βρύχων</span> <span class='ocrx_word' id='word_1_142' title='bbox 1073 1977 1289 2058; x_wconf 34' lang='grc' dir='ltr'>,ὄνομα</span> <span class='ocrx_word' id='word_1_143' title='bbox 1345 1981 1670 2060; x_wconf 83' lang='grc' dir='ltr'>ποταμοῦ,</span> <span class='ocrx_word' id='word_1_144' title='bbox 1726 1977 1996 2055; x_wconf 92' lang='grc' dir='ltr'>Τύχων</span> <span class='ocrx_word' id='word_1_145' title='bbox 2054 1977 2091 2041; x_wconf 95' lang='lat'>6</span> <span class='ocrx_word' id='word_1_146' title='bbox 2148 1976 2368 2056; x_wconf 82' lang='grc' dir='ltr'>Ἑρμῆς</span> <span class='ocrx_word' id='word_1_147' title='bbox 2433 1978 2535 2040; x_wconf 87' lang='grc' dir='ltr'>καὶ</span> <span class='ocrx_word' id='word_1_148' title='bbox 2591 1977 2832 2056; x_wconf 92' lang='grc' dir='ltr'>δαίμων</span> <span class='ocrx_word' id='word_1_149' title='bbox 2892 1981 3037 2058; x_wconf 90' lang='grc' dir='ltr'>περὶ</span> <span class='ocrx_word' id='word_1_150' title='bbox 3073 1982 3135 2033; x_wconf 84' lang='grc'>15</span> 
     </span>
     <span class='ocr_line' id='line_1_17' title="bbox 451 2078 3033 2162; baseline 0 -18"><span class='ocrx_word' id='word_1_151' title='bbox 451 2082 566 2159; x_wconf 83' lang='grc' dir='ltr'>τὴν</span> <span class='ocrx_word' id='word_1_152' title='bbox 611 2079 990 2161; x_wconf 83' lang='grc' dir='ltr'>Ἀφροδίτην</span> <span class='ocrx_word' id='word_1_153' title='bbox 1036 2080 1138 2143; x_wconf 85' lang='grc' dir='ltr'>καὶ</span> <span class='ocrx_word' id='word_1_154' title='bbox 1183 2080 1439 2162; x_wconf 89' lang='grc' dir='ltr'>κύριον,</span> <span class='ocrx_word' id='word_1_155' title='bbox 1486 2079 1857 2159; x_wconf 76' lang='grc' dir='ltr'>Επέρχων</span> <span class='ocrx_word' id='word_1_156' title='bbox 1915 2078 2122 2158; x_wconf 90' lang='grc' dir='ltr'>ὄνομα</span> <span class='ocrx_word' id='word_1_157' title='bbox 2177 2078 2398 2160; x_wconf 87' lang='grc' dir='ltr'>κυνός,</span> <span class='ocrx_word' id='word_1_158' title='bbox 2444 2078 2771 2157; x_wconf 89' lang='grc' dir='ltr'>Τάρχων</span> <span class='ocrx_word' id='word_1_159' title='bbox 2828 2082 3033 2160; x_wconf 88' lang='grc' dir='ltr'>πατὴρ</span> 
     </span>
     <span class='ocr_line' id='line_1_18' title="bbox 451 2180 3035 2263; baseline 0.001 -17"><span class='ocrx_word' id='word_1_160' title='bbox 451 2182 770 2263; x_wconf 89' lang='grc' dir='ltr'>Τηλέφου.</span> <span class='ocrx_word' id='word_1_161' title='bbox 858 2182 932 2245; x_wconf 86' lang='grc' dir='ltr'>τὸ</span> <span class='ocrx_word' id='word_1_162' title='bbox 979 2183 1050 2245; x_wconf 82' lang='grc' dir='ltr'>δὲ</span> <span class='ocrx_word' id='word_1_163' title='bbox 1095 2182 1408 2260; x_wconf 84' lang='grc' dir='ltr'>γλήχων</span> <span class='ocrx_word' id='word_1_164' title='bbox 1465 2182 1702 2262; x_wconf 84' lang='grc' dir='ltr'>ὤφειλε</span> <span class='ocrx_word' id='word_1_165' title='bbox 1759 2182 2160 2261; x_wconf 90' lang='grc' dir='ltr'>βαρύνεςθαι·</span> <span class='ocrx_word' id='word_1_166' title='bbox 2218 2180 2271 2245; x_wconf 90' lang='grc' dir='ltr'>εἰ</span> <span class='ocrx_word' id='word_1_167' title='bbox 2325 2183 2395 2244; x_wconf 81' lang='grc' dir='ltr'>δὲ</span> <span class='ocrx_word' id='word_1_168' title='bbox 2451 2183 2729 2259; x_wconf 86' lang='grc' dir='ltr'>θηλυκὸν</span> <span class='ocrx_word' id='word_1_169' title='bbox 2785 2184 2887 2247; x_wconf 85' lang='grc' dir='ltr'>καὶ</span> <span class='ocrx_word' id='word_1_170' title='bbox 2932 2185 3035 2248; x_wconf 85' lang='grc' dir='ltr'>διὰ</span> 
     </span>
     <span class='ocr_line' id='line_1_19' title="bbox 448 2271 3034 2367; baseline 0 -17"><span class='ocrx_word' id='word_1_171' title='bbox 448 2289 565 2350; x_wconf 91' lang='grc' dir='ltr'>τοῦ</span> <span class='ocrx_word' id='word_1_172' title='bbox 613 2271 682 2367; x_wconf 72' lang='grc' dir='ltr'>β,</span> <span class='ocrx_word' id='word_1_173' title='bbox 729 2283 1035 2351; x_wconf 83' lang='grc' dir='ltr'>ὀξύνεται.</span> <span class='ocrx_word' id='word_1_174' title='bbox 1094 2285 1169 2348; x_wconf 89' lang='grc' dir='ltr'>τὸ</span> <span class='ocrx_word' id='word_1_175' title='bbox 1215 2285 1286 2347; x_wconf 78' lang='grc' dir='ltr'>δὲ</span> <span class='ocrx_word' id='word_1_176' title='bbox 1331 2285 1606 2362; x_wconf 83' lang='grc' dir='ltr'>παχών</span> <span class='ocrx_word' id='word_1_177' title='bbox 1652 2283 1973 2366; x_wconf 85' lang='grc' dir='ltr'>ὀξύνεται,</span> <span class='ocrx_word' id='word_1_178' title='bbox 2019 2283 2227 2361; x_wconf 89' lang='grc' dir='ltr'>ὄνομα</span> <span class='ocrx_word' id='word_1_179' title='bbox 2257 2283 2455 2362; x_wconf 89' lang='grc' dir='ltr'>μηνὸς</span> <span class='ocrx_word' id='word_1_180' title='bbox 2484 2284 2646 2361; x_wconf 78' lang='grc' dir='ltr'>παρ’</span> <span class='ocrx_word' id='word_1_181' title='bbox 2674 2284 3034 2360; x_wconf 87' lang='grc' dir='ltr'>Αἰγυπτίοις</span> 
     </span>
     <span class='ocr_line' id='line_1_20' title="bbox 450 2385 2863 2464; baseline -0 -12"><span class='ocrx_word' id='word_1_182' title='bbox 450 2387 544 2453; x_wconf 92' lang='grc' dir='ltr'>ὄν.</span> <span class='ocrx_word' id='word_1_183' title='bbox 633 2387 708 2451; x_wconf 87' lang='grc' dir='ltr'>τὸ</span> <span class='ocrx_word' id='word_1_184' title='bbox 756 2388 825 2450; x_wconf 81' lang='grc' dir='ltr'>δὲ</span> <span class='ocrx_word' id='word_1_185' title='bbox 870 2385 1458 2463; x_wconf 90' lang='grc' dir='ltr'>Πολυςπερχῶν</span> <span class='ocrx_word' id='word_1_186' title='bbox 1505 2386 1609 2449; x_wconf 87' lang='grc' dir='ltr'>διὰ</span> <span class='ocrx_word' id='word_1_187' title='bbox 1652 2388 1768 2449; x_wconf 92' lang='grc' dir='ltr'>τοῦ</span> <span class='ocrx_word' id='word_1_188' title='bbox 1813 2389 1890 2449; x_wconf 65' lang='lat' dir='ltr'>Vr</span> <span class='ocrx_word' id='word_1_189' title='bbox 1934 2386 2313 2464; x_wconf 88' lang='grc' dir='ltr'>κλινόμενον</span> <span class='ocrx_word' id='word_1_190' title='bbox 2358 2389 2747 2463; x_wconf 88' lang='grc' dir='ltr'>περιςπᾶται.</span> <span class='ocrx_word' id='word_1_191' title='bbox 2856 2445 2863 2451; x_wconf 83' lang='grc'>.</span> 
     </span>
    </p>

    <p class='ocr_par' dir='ltr' id='par_1_6' title="bbox 617 2486 3134 2565">
     <span class='ocr_line' id='line_1_21' title="bbox 617 2486 3134 2565; baseline 0.001 -13"><span class='ocrx_word' id='word_1_192' title='bbox 617 2488 710 2552; x_wconf 86' lang='grc' dir='ltr'>Τὰ</span> <span class='ocrx_word' id='word_1_193' title='bbox 754 2487 841 2552; x_wconf 91' lang='grc' dir='ltr'>εἰς</span> <span class='ocrx_word' id='word_1_194' title='bbox 887 2492 982 2551; x_wconf 59' lang='lat' dir='ltr'>Uti</span> <span class='ocrx_word' id='word_1_195' title='bbox 1027 2486 1320 2565; x_wconf 87' lang='grc' dir='ltr'>ἀρςενικὰ</span> <span class='ocrx_word' id='word_1_196' title='bbox 1365 2487 1434 2551; x_wconf 81' lang='grc' dir='ltr'>ἐν</span> <span class='ocrx_word' id='word_1_197' title='bbox 1479 2487 1645 2551; x_wconf 87' lang='grc' dir='ltr'>τέλει</span> <span class='ocrx_word' id='word_1_198' title='bbox 1691 2487 1928 2565; x_wconf 82' lang='grc' dir='ltr'>ἔχοντα</span> <span class='ocrx_word' id='word_1_199' title='bbox 1958 2488 2073 2551; x_wconf 88' lang='grc' dir='ltr'>τὸν</span> <span class='ocrx_word' id='word_1_200' title='bbox 2116 2486 2314 2551; x_wconf 88' lang='grc' dir='ltr'>τόνον</span> <span class='ocrx_word' id='word_1_201' title='bbox 2358 2489 2460 2552; x_wconf 81' lang='grc' dir='ltr'>καὶ</span> <span class='ocrx_word' id='word_1_202' title='bbox 2503 2487 2607 2550; x_wconf 89' lang='grc' dir='ltr'>διὰ</span> <span class='ocrx_word' id='word_1_203' title='bbox 2638 2492 2753 2553; x_wconf 92' lang='grc' dir='ltr'>τοῦ</span> <span class='ocrx_word' id='word_1_204' title='bbox 2798 2490 2874 2552; x_wconf 64' lang='lat' dir='ltr'>Vs·</span> <span class='ocrx_word' id='word_1_205' title='bbox 2903 2493 3030 2554; x_wconf 87' lang='grc' dir='ltr'>κλι-</span> <span class='ocrx_word' id='word_1_206' title='bbox 3065 2494 3134 2546; x_wconf 82' lang='lat'>‘20</span> 
     </span>
    </p>
   </div>
   <div class='ocr_carea' id='block_1_3' title="bbox 447 2626 696 2634">
    <p class='ocr_par' dir='ltr' id='par_1_7' title="bbox 447 2626 696 2634">
     <span class='ocr_line' id='line_1_22' title="bbox 447 2626 696 2634; baseline 0 2912"><span class='ocrx_word' id='word_1_207' title='bbox 447 2626 696 2634; x_wconf 95' lang='lat' dir='ltr'> </span> 
     </span>
    </p>
   </div>
   <div class='ocr_carea' id='block_1_4' title="bbox 439 2707 3030 4961">
    <p class='ocr_par' dir='ltr' id='par_1_8' title="bbox 443 2707 3030 3864">
     <span class='ocr_line' id='line_1_23' title="bbox 617 2707 3030 2777; baseline 0.002 -17"><span class='ocrx_word' id='word_1_208' title='bbox 617 2711 650 2763; x_wconf 89' lang='lat'>1.</span> <span class='ocrx_word' id='word_1_209' title='bbox 693 2714 717 2760; x_wconf 93' lang='lat'>1</span> <span class='ocrx_word' id='word_1_210' title='bbox 765 2707 1175 2761; x_wconf 88' lang='grc' dir='ltr'>Πλατανιςτών</span> <span class='ocrx_word' id='word_1_211' title='bbox 1221 2708 1411 2759; x_wconf 84' lang='lat' dir='ltr'>addidi</span> <span class='ocrx_word' id='word_1_212' title='bbox 1456 2713 1678 2759; x_wconf 81' lang='lat' dir='ltr'>secutus</span> <span class='ocrx_word' id='word_1_213' title='bbox 1723 2709 1969 2775; x_wconf 86' lang='lat' dir='ltr'>Theogn.</span> <span class='ocrx_word' id='word_1_214' title='bbox 2007 2711 2098 2766; x_wconf 83' lang='lat'>39.</span> <span class='ocrx_word' id='word_1_215' title='bbox 2145 2710 2204 2766; x_wconf 87' lang='lat'>4,</span> <span class='ocrx_word' id='word_1_216' title='bbox 2253 2710 2347 2760; x_wconf 88' lang='lat' dir='ltr'>ubi</span> <span class='ocrx_word' id='word_1_217' title='bbox 2391 2707 2802 2770; x_wconf 80' lang='grc' dir='ltr'>Πλατανιςτών</span> <span class='ocrx_word' id='word_1_218' title='bbox 2849 2710 3030 2777; x_wconf 84' lang='grc' dir='ltr'>ὄνομα</span> 
     </span>
     <span class='ocr_line' id='line_1_24' title="bbox 448 2776 3029 2843; baseline 0.002 -15"><span class='ocrx_word' id='word_1_219' title='bbox 448 2781 708 2841; x_wconf 83' lang='grc' dir='ltr'>ποταμοῦ</span> <span class='ocrx_word' id='word_1_220' title='bbox 747 2779 954 2829; x_wconf 79' lang='lat' dir='ltr'><strong>diserte</strong></span> <span class='ocrx_word' id='word_1_221' title='bbox 991 2781 1140 2829; x_wconf 80' lang='lat' dir='ltr'>inter</span> <span class='ocrx_word' id='word_1_222' title='bbox 1173 2783 1414 2842; x_wconf 80' lang='lat' dir='ltr'>oxytona</span> <span class='ocrx_word' id='word_1_223' title='bbox 1451 2778 1697 2828; x_wconf 81' lang='lat' dir='ltr'>refertur.</span> <span class='ocrx_word' id='word_1_224' title='bbox 1877 2777 1946 2829; x_wconf 90' lang='grc' dir='ltr'>τὸ</span> <span class='ocrx_word' id='word_1_225' title='bbox 1982 2777 2043 2829; x_wconf 80' lang='grc' dir='ltr'>δὲ</span> <span class='ocrx_word' id='word_1_226' title='bbox 2082 2776 2295 2830; x_wconf 86' lang='grc' dir='ltr'>Βιςτών</span> <span class='ocrx_word' id='word_1_227' title='bbox 2330 2794 2501 2843; x_wconf 81' lang='lat' dir='ltr'>usque</span> <span class='ocrx_word' id='word_1_228' title='bbox 2539 2780 2609 2829; x_wconf 80' lang='lat' dir='ltr'>ad</span> <span class='ocrx_word' id='word_1_229' title='bbox 2644 2780 2809 2831; x_wconf 85' lang='lat' dir='ltr'>finem</span> <span class='ocrx_word' id='word_1_230' title='bbox 2846 2797 2913 2831; x_wconf 86' lang='lat' dir='ltr'>ex</span> <span class='ocrx_word' id='word_1_231' title='bbox 2948 2782 3029 2836; x_wconf 81' lang='lat' dir='ltr'>St.</span> 
     </span>
     <span class='ocr_line' id='line_1_25' title="bbox 446 2846 3029 2912; baseline 0.002 -15"><span class='ocrx_word' id='word_1_232' title='bbox 446 2849 507 2900; x_wconf 93' lang='lat' dir='ltr'>B.</span> <span class='ocrx_word' id='word_1_233' title='bbox 555 2850 677 2909; x_wconf 89' lang='grc'>171,</span> <span class='ocrx_word' id='word_1_234' title='bbox 729 2850 806 2898; x_wconf 83' lang='grc'>15.</span> <span class='ocrx_word' id='word_1_235' title='bbox 852 2874 914 2883; x_wconf 88' lang='grc'><strong>-</strong></span> <span class='ocrx_word' id='word_1_236' title='bbox 962 2847 1233 2896; x_wconf 61' lang='lat' dir='ltr'>Aet-entus</span> <span class='ocrx_word' id='word_1_237' title='bbox 1279 2846 1618 2896; x_wconf 80' lang='lat' dir='ltr'>ethnicorum</span> <span class='ocrx_word' id='word_1_238' title='bbox 1675 2847 1814 2897; x_wconf 79' lang='lat' dir='ltr'>satis</span> <span class='ocrx_word' id='word_1_239' title='bbox 1861 2847 2179 2896; x_wconf 79' lang='lat' dir='ltr'>inconstans</span> <span class='ocrx_word' id='word_1_240' title='bbox 2238 2852 2348 2907; x_wconf 82' lang='lat' dir='ltr'>est;</span> <span class='ocrx_word' id='word_1_241' title='bbox 2407 2862 2568 2912; x_wconf 89' lang='lat' dir='ltr'>quum</span> <span class='ocrx_word' id='word_1_242' title='bbox 2625 2850 2768 2899; x_wconf 88' lang='lat' dir='ltr'>enim</span> <span class='ocrx_word' id='word_1_243' title='bbox 2815 2848 3029 2901; x_wconf 89' lang='grc' dir='ltr'>Βιςτών</span> 
     </span>
     <span class='ocr_line' id='line_1_26' title="bbox 446 2912 3029 2983; baseline 0.001 -18"><span class='ocrx_word' id='word_1_244' title='bbox 446 2921 692 2975; x_wconf 80' lang='lat' dir='ltr'>acuatur,</span> <span class='ocrx_word' id='word_1_245' title='bbox 731 2922 995 2980; x_wconf 80' lang='lat' dir='ltr'>gravatur</span> <span class='ocrx_word' id='word_1_246' title='bbox 1030 2912 1306 2967; x_wconf 79' lang='grc' dir='ltr'>(ἀντονες</span> <span class='ocrx_word' id='word_1_247' title='bbox 1343 2912 1505 2965; x_wconf 83' lang='grc' dir='ltr'>ἔθνος</span> <span class='ocrx_word' id='word_1_248' title='bbox 1541 2915 1644 2978; x_wconf 85' lang='grc' dir='ltr'>τῆς</span> <span class='ocrx_word' id='word_1_249' title='bbox 1683 2912 2030 2966; x_wconf 80' lang='grc' dir='ltr'>Ἀκυϊτανίας</span> <span class='ocrx_word' id='word_1_250' title='bbox 2069 2914 2148 2964; x_wconf 78' lang='lat' dir='ltr'>st.</span> <span class='ocrx_word' id='word_1_251' title='bbox 2176 2916 2238 2965; x_wconf 88' lang='lat' dir='ltr'>B.</span> <span class='ocrx_word' id='word_1_252' title='bbox 2261 2917 2382 2976; x_wconf 85' lang='lat'>555,</span> <span class='ocrx_word' id='word_1_253' title='bbox 2410 2917 2438 2965; x_wconf 91' lang='grc'>7</span> <span class='ocrx_word' id='word_1_254' title='bbox 2476 2917 2725 2980; x_wconf 82' lang='lat' dir='ltr'>quamvis</span> <span class='ocrx_word' id='word_1_255' title='bbox 2759 2924 2818 2967; x_wconf 86' lang='lat' dir='ltr'>et</span> <span class='ocrx_word' id='word_1_256' title='bbox 2852 2918 3029 2983; x_wconf 85' lang='lat' dir='ltr'>ipsum</span> 
     </span>
     <span class='ocr_line' id='line_1_27' title="bbox 445 2980 3027 3051; baseline 0.002 -17"><span class='ocrx_word' id='word_1_257' title='bbox 445 3000 544 3049; x_wconf 85' lang='lat' dir='ltr'>per</span> <span class='ocrx_word' id='word_1_258' title='bbox 578 2985 612 3033; x_wconf 81' lang='grc' dir='ltr'><strong><em>ὃ</em></strong></span> <span class='ocrx_word' id='word_1_259' title='bbox 648 2983 977 3043; x_wconf 80' lang='lat' dir='ltr'>declinatur,</span> <span class='ocrx_word' id='word_1_260' title='bbox 1018 2989 1074 3033; x_wconf 85' lang='lat' dir='ltr'>et</span> <span class='ocrx_word' id='word_1_261' title='bbox 1110 2986 1300 3033; x_wconf 80' lang='lat' dir='ltr'>contra</span> <span class='ocrx_word' id='word_1_262' title='bbox 1331 2980 1649 3046; x_wconf 84' lang='grc' dir='ltr'>Γραςτῶνες</span> <span class='ocrx_word' id='word_1_263' title='bbox 1684 2981 1753 3033; x_wconf 85' lang='grc' dir='ltr'>τὸ</span> <span class='ocrx_word' id='word_1_264' title='bbox 1792 2980 2015 3033; x_wconf 82' lang='grc' dir='ltr'>ἐθνικὸν</span> <span class='ocrx_word' id='word_1_265' title='bbox 2050 2984 2153 3047; x_wconf 87' lang='grc' dir='ltr'>τῆς</span> <span class='ocrx_word' id='word_1_266' title='bbox 2183 2981 2216 3033; x_wconf 89' lang='grc' dir='ltr'><strong><em>Γ</em></strong></span> <span class='ocrx_word' id='word_1_267' title='bbox 2217 2981 2553 3047; x_wconf 90' lang='grc' dir='ltr'>ραςτωνίας,</span> <span class='ocrx_word' id='word_1_268' title='bbox 2592 2981 2777 3048; x_wconf 87' lang='grc' dir='ltr'>χώρας</span> <span class='ocrx_word' id='word_1_269' title='bbox 2804 2984 3027 3051; x_wconf 88' lang='grc' dir='ltr'>Θρᾴκης</span> 
     </span>
     <span class='ocr_line' id='line_1_28' title="bbox 445 3049 3027 3117; baseline 0.002 -17"><span class='ocrx_word' id='word_1_270' title='bbox 445 3055 561 3113; x_wconf 84' lang='grc'>213,</span> <span class='ocrx_word' id='word_1_271' title='bbox 588 3054 620 3102; x_wconf 88' lang='grc'><strong>9</strong></span> <span class='ocrx_word' id='word_1_272' title='bbox 657 3052 906 3115; x_wconf 79' lang='lat' dir='ltr'>quamvis</span> <span class='ocrx_word' id='word_1_273' title='bbox 943 3068 1042 3117; x_wconf 87' lang='lat' dir='ltr'>per</span> <span class='ocrx_word' id='word_1_274' title='bbox 1076 3053 1125 3102; x_wconf 79' lang='grc' dir='ltr'>’ὤ</span> <span class='ocrx_word' id='word_1_275' title='bbox 1165 3051 1362 3101; x_wconf 82' lang='lat' dir='ltr'>flexum</span> <span class='ocrx_word' id='word_1_276' title='bbox 1397 3051 1611 3099; x_wconf 83' lang='lat' dir='ltr'>acuitur</span> <span class='ocrx_word' id='word_1_277' title='bbox 1646 3051 1776 3101; x_wconf 84' lang='lat' dir='ltr'>item</span> <span class='ocrx_word' id='word_1_278' title='bbox 1814 3056 1980 3115; x_wconf 82' lang='lat' dir='ltr'>atque</span> <span class='ocrx_word' id='word_1_279' title='bbox 2012 3049 2366 3115; x_wconf 86' lang='grc' dir='ltr'>Κρηςτῶνες,</span> <span class='ocrx_word' id='word_1_280' title='bbox 2404 3050 2592 3103; x_wconf 84' lang='grc' dir='ltr'>οὕτως</span> <span class='ocrx_word' id='word_1_281' title='bbox 2628 3052 2763 3103; x_wconf 87' lang='grc' dir='ltr'>τοὺς</span> <span class='ocrx_word' id='word_1_282' title='bbox 2790 3051 3027 3106; x_wconf 84' lang='grc' dir='ltr'>πολίτας</span> 
     </span>
     <span class='ocr_line' id='line_1_29' title="bbox 449 3116 3025 3183; baseline 0.001 -13"><span class='ocrx_word' id='word_1_283' title='bbox 449 3117 781 3183; x_wconf 89' lang='grc' dir='ltr'>Κρηςτώνης</span> <span class='ocrx_word' id='word_1_284' title='bbox 826 3117 1065 3170; x_wconf 88' lang='grc' dir='ltr'>πόλεως.</span> <span class='ocrx_word' id='word_1_285' title='bbox 1138 3117 1420 3171; x_wconf 88' lang='grc' dir='ltr'>Ἑκαταῖος</span> <span class='ocrx_word' id='word_1_286' title='bbox 1458 3116 1701 3183; x_wconf 83' lang='grc' dir='ltr'>Εὐρώπῃ</span> <span class='ocrx_word' id='word_1_287' title='bbox 1739 3120 1867 3179; x_wconf 88' lang='grc'>388,</span> <span class='ocrx_word' id='word_1_288' title='bbox 1910 3120 1995 3176; x_wconf 87' lang='grc'>16,</span> <span class='ocrx_word' id='word_1_289' title='bbox 2048 3118 2143 3169; x_wconf 84' lang='lat' dir='ltr'>sed</span> <span class='ocrx_word' id='word_1_290' title='bbox 2192 3116 2486 3182; x_wconf 83' lang='grc' dir='ltr'>Κύρτωνες</span> <span class='ocrx_word' id='word_1_291' title='bbox 2531 3118 2693 3171; x_wconf 88' lang='grc' dir='ltr'>πόλις</span> <span class='ocrx_word' id='word_1_292' title='bbox 2739 3119 3025 3175; x_wconf 88' lang='grc' dir='ltr'>Βοιωτίας.</span> 
     </span>
     <span class='ocr_line' id='line_1_30' title="bbox 445 3184 3025 3254; baseline 0.002 -16"><span class='ocrx_word' id='word_1_293' title='bbox 445 3184 765 3239; x_wconf 89' lang='grc' dir='ltr'>Παυςανίας</span> <span class='ocrx_word' id='word_1_294' title='bbox 814 3185 999 3253; x_wconf 82' lang='grc' dir='ltr'>ἐνάτῳ</span> <span class='ocrx_word' id='word_1_295' title='bbox 1050 3188 1116 3251; x_wconf 80' lang='lat' dir='ltr'>(e.</span> <span class='ocrx_word' id='word_1_296' title='bbox 1152 3189 1244 3251; x_wconf 88' lang='grc'>24,</span> <span class='ocrx_word' id='word_1_297' title='bbox 1282 3185 1363 3249; x_wconf 86' lang='grc'>4)·</span> <span class='ocrx_word' id='word_1_298' title='bbox 1412 3184 1482 3237; x_wconf 87' lang='grc' dir='ltr'>τὸ</span> <span class='ocrx_word' id='word_1_299' title='bbox 1528 3184 1590 3237; x_wconf 82' lang='grc' dir='ltr'>δὲ</span> <span class='ocrx_word' id='word_1_300' title='bbox 1636 3184 1867 3250; x_wconf 82' lang='grc' dir='ltr'>ἀρχαῖον</span> <span class='ocrx_word' id='word_1_301' title='bbox 1903 3189 1988 3251; x_wconf 84' lang='grc' dir='ltr'>τῶ</span> <span class='ocrx_word' id='word_1_302' title='bbox 2037 3184 2333 3249; x_wconf 85' lang='grc' dir='ltr'>πολίςματι</span> <span class='ocrx_word' id='word_1_303' title='bbox 2382 3186 2562 3250; x_wconf 84' lang='grc' dir='ltr'>ὄνομα</span> <span class='ocrx_word' id='word_1_304' title='bbox 2601 3186 2886 3254; x_wconf 87' lang='grc' dir='ltr'>Κυρτώνη.</span> <span class='ocrx_word' id='word_1_305' title='bbox 2956 3191 3025 3243; x_wconf 90' lang='grc' dir='ltr'>τὸ</span> 
     </span>
     <span class='ocr_line' id='line_1_31' title="bbox 446 3252 3023 3321; baseline 0 -15"><span class='ocrx_word' id='word_1_306' title='bbox 446 3254 672 3307; x_wconf 79' lang='grc' dir='ltr'>ἑθνικὸν</span> <span class='ocrx_word' id='word_1_307' title='bbox 721 3252 1061 3321; x_wconf 88' lang='grc' dir='ltr'>Κυρτώνιος,</span> <span class='ocrx_word' id='word_1_308' title='bbox 1109 3257 1213 3307; x_wconf 86' lang='grc' dir='ltr'>τοῦ</span> <span class='ocrx_word' id='word_1_309' title='bbox 1260 3253 1320 3305; x_wconf 81' lang='grc' dir='ltr'>δὲ</span> <span class='ocrx_word' id='word_1_310' title='bbox 1367 3255 1472 3304; x_wconf 88' lang='grc' dir='ltr'>νῦν</span> <span class='ocrx_word' id='word_1_311' title='bbox 1518 3252 1809 3317; x_wconf 88' lang='grc' dir='ltr'>πολιχνίου</span> <span class='ocrx_word' id='word_1_312' title='bbox 1859 3253 2153 3318; x_wconf 86' lang='grc' dir='ltr'>Κύρτωνες</span> <span class='ocrx_word' id='word_1_313' title='bbox 2200 3260 2481 3318; x_wconf 83' lang='lat' dir='ltr'>gravatur.</span> <span class='ocrx_word' id='word_1_314' title='bbox 2550 3257 2620 3306; x_wconf 83' lang='lat' dir='ltr'>cf.</span> <span class='ocrx_word' id='word_1_315' title='bbox 2657 3257 2793 3307; x_wconf 91' lang='lat' dir='ltr'>Lob.</span> <span class='ocrx_word' id='word_1_316' title='bbox 2830 3257 2903 3308; x_wconf 88' lang='lat' dir='ltr'>ad</span> <span class='ocrx_word' id='word_1_317' title='bbox 2938 3259 3023 3309; x_wconf 84' lang='grc' dir='ltr'>Αἰ.</span> 
     </span>
     <span class='ocr_line' id='line_1_32' title="bbox 449 3322 3021 3390; baseline 0.002 -16"><span class='ocrx_word' id='word_1_318' title='bbox 449 3326 559 3375; x_wconf 87' lang='grc'>172.</span> <span class='ocrx_word' id='word_1_319' title='bbox 595 3350 659 3359; x_wconf 93' lang='grc'>-</span> <span class='ocrx_word' id='word_1_320' title='bbox 699 3322 1181 3388; x_wconf 76' lang='lat' dir='ltr'>comprehensivis</span> <span class='ocrx_word' id='word_1_321' title='bbox 1225 3324 1281 3373; x_wconf 90' lang='lat' dir='ltr'>in</span> <span class='ocrx_word' id='word_1_322' title='bbox 1317 3324 1438 3374; x_wconf 66' lang='lat' dir='ltr'>‘r&#39;u&#39;sx&#39;r</span> <span class='ocrx_word' id='word_1_323' title='bbox 1483 3323 1809 3373; x_wconf 78' lang='lat' dir='ltr'>adnumerat</span> <span class='ocrx_word' id='word_1_324' title='bbox 1853 3323 2115 3375; x_wconf 78' lang='lat' dir='ltr'>Eustath.</span> <span class='ocrx_word' id='word_1_325' title='bbox 2159 3324 2229 3373; x_wconf 82' lang='lat' dir='ltr'>ad</span> <span class='ocrx_word' id='word_1_326' title='bbox 2274 3324 2430 3376; x_wconf 88' lang='lat' dir='ltr'><strong>Hom.</strong></span> <span class='ocrx_word' id='word_1_327' title='bbox 2473 3325 2629 3383; x_wconf 83' lang='lat'>1698,</span> <span class='ocrx_word' id='word_1_328' title='bbox 2666 3328 2732 3375; x_wconf 81' lang='lat'>25</span> <span class='ocrx_word' id='word_1_329' title='bbox 2779 3324 3021 3390; x_wconf 84' lang='grc' dir='ltr'>ἑορτών;</span> 
     </span>
     <span class='ocr_line' id='line_1_33' title="bbox 444 3388 3023 3457; baseline 0.002 -15"><span class='ocrx_word' id='word_1_330' title='bbox 444 3392 566 3442; x_wconf 88' lang='grc' dir='ltr'>τῶν</span> <span class='ocrx_word' id='word_1_331' title='bbox 603 3393 972 3455; x_wconf 88' lang='grc' dir='ltr'>περιεκτικῶν</span> <span class='ocrx_word' id='word_1_332' title='bbox 1019 3390 1096 3443; x_wconf 85' lang='grc' dir='ltr'>εἰς</span> <span class='ocrx_word' id='word_1_333' title='bbox 1146 3396 1229 3443; x_wconf 65' lang='lat' dir='ltr'>inv</span> <span class='ocrx_word' id='word_1_334' title='bbox 1275 3390 1544 3444; x_wconf 84' lang='grc' dir='ltr'>ὀξύτονος</span> <span class='ocrx_word' id='word_1_335' title='bbox 1590 3389 1625 3454; x_wconf 84' lang='grc' dir='ltr'>ἡ</span> <span class='ocrx_word' id='word_1_336' title='bbox 1675 3389 2005 3455; x_wconf 84' lang='grc' dir='ltr'>κατάληξις·</span> <span class='ocrx_word' id='word_1_337' title='bbox 2060 3389 2122 3443; x_wconf 83' lang='grc' dir='ltr'>έν</span> <span class='ocrx_word' id='word_1_338' title='bbox 2166 3388 2252 3443; x_wconf 84' lang='grc' dir='ltr'>οἷς</span> <span class='ocrx_word' id='word_1_339' title='bbox 2298 3391 2429 3444; x_wconf 78' lang='grc' dir='ltr'>καθ’</span> <span class='ocrx_word' id='word_1_340' title='bbox 2466 3391 2812 3457; x_wconf 86' lang='grc' dir='ltr'>Ἡρωδιανόν</span> <span class='ocrx_word' id='word_1_341' title='bbox 2854 3395 2945 3446; x_wconf 86' lang='grc' dir='ltr'>καὶ</span> <span class='ocrx_word' id='word_1_342' title='bbox 2991 3395 3023 3447; x_wconf 89' lang='lat'>6</span> 
     </span>
     <span class='ocr_line' id='line_1_34' title="bbox 447 3456 3025 3524; baseline 0.002 -13"><span class='ocrx_word' id='word_1_343' title='bbox 447 3456 787 3524; x_wconf 86' lang='grc' dir='ltr'>πλαταμών,</span> <span class='ocrx_word' id='word_1_344' title='bbox 816 3458 898 3511; x_wconf 86' lang='grc' dir='ltr'>ἔτι</span> <span class='ocrx_word' id='word_1_345' title='bbox 923 3459 985 3511; x_wconf 82' lang='grc' dir='ltr'>δέ</span> <span class='ocrx_word' id='word_1_346' title='bbox 1011 3459 1153 3524; x_wconf 90' lang='grc' dir='ltr'>πρὸς</span> <span class='ocrx_word' id='word_1_347' title='bbox 1179 3458 1368 3512; x_wconf 87' lang='grc' dir='ltr'>ἄλλοις</span> <span class='ocrx_word' id='word_1_348' title='bbox 1394 3460 1484 3511; x_wconf 87' lang='grc' dir='ltr'>καὶ</span> <span class='ocrx_word' id='word_1_349' title='bbox 1516 3459 1548 3510; x_wconf 89' lang='grc' dir='ltr'>ὁ</span> <span class='ocrx_word' id='word_1_350' title='bbox 1582 3457 1826 3524; x_wconf 82' lang='grc' dir='ltr'>ἑορτῶν,</span> <span class='ocrx_word' id='word_1_351' title='bbox 1856 3460 1967 3524; x_wconf 85' lang='grc' dir='ltr'>μὴν</span> <span class='ocrx_word' id='word_1_352' title='bbox 1998 3457 2274 3521; x_wconf 85' lang='grc' dir='ltr'>Ἀττικός;</span> <span class='ocrx_word' id='word_1_353' title='bbox 2308 3460 2403 3511; x_wconf 85' lang='lat' dir='ltr'>sed</span> <span class='ocrx_word' id='word_1_354' title='bbox 2434 3461 2479 3511; x_wconf 82' lang='lat' dir='ltr'>si</span> <span class='ocrx_word' id='word_1_355' title='bbox 2507 3462 2808 3512; x_wconf 75' lang='lat' dir='ltr'>contuleris</span> <span class='ocrx_word' id='word_1_356' title='bbox 2829 3463 3025 3517; x_wconf 89' lang='lat' dir='ltr'>Choer.</span> 
     </span>
     <span class='ocr_line' id='line_1_35' title="bbox 444 3526 3022 3597; baseline 0.003 -19"><span class='ocrx_word' id='word_1_357' title='bbox 444 3530 561 3590; x_wconf 89' lang='grc'>295,</span> <span class='ocrx_word' id='word_1_358' title='bbox 600 3530 689 3579; x_wconf 84' lang='grc' dir='ltr'>3οε</span> <span class='ocrx_word' id='word_1_359' title='bbox 726 3526 799 3578; x_wconf 85' lang='grc' dir='ltr'>τὰ</span> <span class='ocrx_word' id='word_1_360' title='bbox 833 3526 1111 3590; x_wconf 88' lang='grc' dir='ltr'>λεγόμενα</span> <span class='ocrx_word' id='word_1_361' title='bbox 1150 3527 1227 3579; x_wconf 86' lang='grc' dir='ltr'>ὡς</span> <span class='ocrx_word' id='word_1_362' title='bbox 1264 3527 1585 3592; x_wconf 84' lang='grc' dir='ltr'>περιεκτικὰ</span> <span class='ocrx_word' id='word_1_363' title='bbox 1622 3527 1725 3579; x_wconf 83' lang='grc' dir='ltr'>οὐκ</span> <span class='ocrx_word' id='word_1_364' title='bbox 1762 3527 1944 3591; x_wconf 85' lang='grc' dir='ltr'>ἔχουςι</span> <span class='ocrx_word' id='word_1_365' title='bbox 1979 3528 2088 3592; x_wconf 86' lang='grc' dir='ltr'>τὴν</span> <span class='ocrx_word' id='word_1_366' title='bbox 2124 3527 2427 3591; x_wconf 88' lang='grc' dir='ltr'>ὀνομαςίαν</span> <span class='ocrx_word' id='word_1_367' title='bbox 2463 3527 2577 3581; x_wconf 85' lang='grc' dir='ltr'>ἀπὸ</span> <span class='ocrx_word' id='word_1_368' title='bbox 2613 3531 2735 3581; x_wconf 91' lang='grc' dir='ltr'>τῶν</span> <span class='ocrx_word' id='word_1_369' title='bbox 2772 3545 3022 3597; x_wconf 88' lang='grc' dir='ltr'>περιεχο-</span> 
     </span>
     <span class='ocr_line' id='line_1_36' title="bbox 450 3593 3020 3665; baseline 0.002 -18"><span class='ocrx_word' id='word_1_370' title='bbox 450 3594 662 3659; x_wconf 87' lang='grc' dir='ltr'>μένων·</span> <span class='ocrx_word' id='word_1_371' title='bbox 702 3593 834 3646; x_wconf 81' lang='grc' dir='ltr'>οὐδὲ</span> <span class='ocrx_word' id='word_1_372' title='bbox 880 3595 986 3661; x_wconf 89' lang='grc' dir='ltr'>γὰρ</span> <span class='ocrx_word' id='word_1_373' title='bbox 1031 3594 1145 3647; x_wconf 89' lang='grc' dir='ltr'>ἀπὸ</span> <span class='ocrx_word' id='word_1_374' title='bbox 1192 3598 1295 3647; x_wconf 86' lang='grc' dir='ltr'>τοῦ</span> <span class='ocrx_word' id='word_1_375' title='bbox 1352 3595 1498 3661; x_wconf 85' lang='grc' dir='ltr'>ἔχειν</span> <span class='ocrx_word' id='word_1_376' title='bbox 1543 3594 1779 3661; x_wconf 88' lang='grc' dir='ltr'>χρόνους</span> <span class='ocrx_word' id='word_1_377' title='bbox 1826 3595 1859 3647; x_wconf 88' lang='grc' dir='ltr'>ό</span> <span class='ocrx_word' id='word_1_378' title='bbox 1905 3595 2048 3649; x_wconf 81' lang='grc' dir='ltr'>αἰών</span> <span class='ocrx_word' id='word_1_379' title='bbox 2095 3597 2216 3660; x_wconf 85' lang='grc' dir='ltr'>ἔςχε</span> <span class='ocrx_word' id='word_1_380' title='bbox 2261 3596 2330 3648; x_wconf 89' lang='grc' dir='ltr'>τὸ</span> <span class='ocrx_word' id='word_1_381' title='bbox 2377 3597 2582 3661; x_wconf 85' lang='grc' dir='ltr'>ὄνομα,</span> <span class='ocrx_word' id='word_1_382' title='bbox 2628 3597 2751 3650; x_wconf 75' lang='grc' dir='ltr'>ἐπεὶ</span> <span class='ocrx_word' id='word_1_383' title='bbox 2797 3601 3020 3665; x_wconf 87' lang='grc' dir='ltr'>χρονών</span> 
     </span>
     <span class='ocr_line' id='line_1_37' title="bbox 446 3662 3019 3731; baseline 0.003 -18"><span class='ocrx_word' id='word_1_384' title='bbox 446 3662 691 3727; x_wconf 85' lang='grc' dir='ltr'>ὤφειλεν</span> <span class='ocrx_word' id='word_1_385' title='bbox 739 3662 910 3727; x_wconf 82' lang='grc' dir='ltr'>εἶναι,</span> <span class='ocrx_word' id='word_1_386' title='bbox 958 3662 1088 3715; x_wconf 81' lang='grc' dir='ltr'>οὐδὲ</span> <span class='ocrx_word' id='word_1_387' title='bbox 1137 3663 1198 3715; x_wconf 80' lang='grc' dir='ltr'>ἐκ</span> <span class='ocrx_word' id='word_1_388' title='bbox 1253 3667 1355 3715; x_wconf 88' lang='grc' dir='ltr'>τοῦ</span> <span class='ocrx_word' id='word_1_389' title='bbox 1403 3663 1680 3729; x_wconf 81' lang='grc' dir='ltr'>περιέχειν</span> <span class='ocrx_word' id='word_1_390' title='bbox 1725 3663 1945 3728; x_wconf 84' lang='grc' dir='ltr'>ἡμέρας·</span> <span class='ocrx_word' id='word_1_391' title='bbox 1983 3665 2072 3716; x_wconf 83' lang='grc' dir='ltr'>καὶ</span> <span class='ocrx_word' id='word_1_392' title='bbox 2118 3664 2315 3730; x_wconf 87' lang='grc' dir='ltr'>ἑορτὰς</span> <span class='ocrx_word' id='word_1_393' title='bbox 2362 3665 2394 3717; x_wconf 87' lang='lat'>6</span> <span class='ocrx_word' id='word_1_394' title='bbox 2441 3665 2803 3731; x_wconf 81' lang='grc' dir='ltr'>Βοηδρομιὼν</span> <span class='ocrx_word' id='word_1_395' title='bbox 2850 3670 2938 3721; x_wconf 82' lang='grc' dir='ltr'>καὶ</span> <span class='ocrx_word' id='word_1_396' title='bbox 2987 3670 3019 3721; x_wconf 91' lang='lat'>6</span> 
     </span>
     <span class='ocr_line' id='line_1_38' title="bbox 443 3730 3018 3802; baseline 0.003 -19"><span class='ocrx_word' id='word_1_397' title='bbox 443 3730 791 3795; x_wconf 88' lang='grc' dir='ltr'>Πυανεψιών</span> <span class='ocrx_word' id='word_1_398' title='bbox 828 3732 916 3782; x_wconf 86' lang='grc' dir='ltr'>καὶ</span> <span class='ocrx_word' id='word_1_399' title='bbox 943 3730 1368 3794; x_wconf 87' lang='grc' dir='ltr'>Μεταγειτνιών</span> <span class='ocrx_word' id='word_1_400' title='bbox 1404 3732 1565 3796; x_wconf 85' lang='grc' dir='ltr'>ἔςχον</span> <span class='ocrx_word' id='word_1_401' title='bbox 1600 3731 1669 3783; x_wconf 88' lang='grc' dir='ltr'>τὸ</span> <span class='ocrx_word' id='word_1_402' title='bbox 1708 3732 1914 3796; x_wconf 84' lang='grc' dir='ltr'>ὄνομα,</span> <span class='ocrx_word' id='word_1_403' title='bbox 1954 3732 2078 3785; x_wconf 81' lang='grc' dir='ltr'>ἐπεὶ</span> <span class='ocrx_word' id='word_1_404' title='bbox 2115 3732 2343 3798; x_wconf 88' lang='grc' dir='ltr'>ήμερών</span> <span class='ocrx_word' id='word_1_405' title='bbox 2379 3734 2468 3785; x_wconf 82' lang='grc' dir='ltr'>καὶ</span> <span class='ocrx_word' id='word_1_406' title='bbox 2495 3733 2730 3799; x_wconf 86' lang='grc' dir='ltr'>ἑορτών,</span> <span class='ocrx_word' id='word_1_407' title='bbox 2770 3734 2818 3788; x_wconf 87' lang='grc' dir='ltr'>εἰ</span> <span class='ocrx_word' id='word_1_408' title='bbox 2842 3737 3018 3802; x_wconf 87' lang='grc' dir='ltr'>τύχοι,</span> 
     </span>
     <span class='ocr_line' id='line_1_39' title="bbox 445 3798 2927 3864; baseline 0.002 -13"><span class='ocrx_word' id='word_1_409' title='bbox 445 3799 695 3864; x_wconf 86' lang='grc' dir='ltr'>ὤφειλον</span> <span class='ocrx_word' id='word_1_410' title='bbox 733 3798 1119 3862; x_wconf 67' lang='grc' dir='ltr'>λέγεςθαι,“ειδ</span> <span class='ocrx_word' id='word_1_411' title='bbox 1158 3801 1452 3852; x_wconf 82' lang='lat' dir='ltr'>Eustathio</span> <span class='ocrx_word' id='word_1_412' title='bbox 1489 3801 1865 3852; x_wconf 83' lang='lat' dir='ltr'>Herodianum</span> <span class='ocrx_word' id='word_1_413' title='bbox 1901 3803 2039 3852; x_wconf 85' lang='lat' dir='ltr'>male</span> <span class='ocrx_word' id='word_1_414' title='bbox 2078 3802 2421 3852; x_wconf 82' lang='lat' dir='ltr'>intellectum</span> <span class='ocrx_word' id='word_1_415' title='bbox 2460 3818 2580 3853; x_wconf 83' lang='lat' dir='ltr'>esse</span> <span class='ocrx_word' id='word_1_416' title='bbox 2617 3805 2927 3856; x_wconf 81' lang='lat' dir='ltr'>concludas.</span> 
     </span>
    </p>

    <p class='ocr_par' dir='ltr' id='par_1_9' title="bbox 439 3858 3019 4889">
     <span class='ocr_line' id='line_1_40' title="bbox 576 3858 3019 3938; baseline 0.003 -20"><span class='ocrx_word' id='word_1_417' title='bbox 576 3869 611 3918; x_wconf 89' lang='lat' dir='ltr'>l.</span> <span class='ocrx_word' id='word_1_418' title='bbox 647 3870 677 3918; x_wconf 87' lang='lat'>6</span> <span class='ocrx_word' id='word_1_419' title='bbox 725 3858 1004 3931; x_wconf 83' lang='grc' dir='ltr'>Εὐρυφῶν</span> <span class='ocrx_word' id='word_1_420' title='bbox 1049 3897 1112 3903; x_wconf 87' lang='lat'>—</span> <span class='ocrx_word' id='word_1_421' title='bbox 1161 3868 1538 3932; x_wconf 91' lang='grc' dir='ltr'>Βελλεροφῶν</span> <span class='ocrx_word' id='word_1_422' title='bbox 1585 3869 1762 3919; x_wconf 84' lang='lat' dir='ltr'>adieci</span> <span class='ocrx_word' id='word_1_423' title='bbox 1819 3885 1887 3919; x_wconf 82' lang='lat' dir='ltr'>ex</span> <span class='ocrx_word' id='word_1_424' title='bbox 1932 3870 2077 3919; x_wconf 83' lang='lat' dir='ltr'>Mon.</span> <span class='ocrx_word' id='word_1_425' title='bbox 2115 3873 2173 3932; x_wconf 83' lang='lat'>9,</span> <span class='ocrx_word' id='word_1_426' title='bbox 2212 3873 2291 3919; x_wconf 85' lang='grc'>26.</span> <span class='ocrx_word' id='word_1_427' title='bbox 2367 3869 2665 3936; x_wconf 88' lang='grc' dir='ltr'>Κτηςιφῶν</span> <span class='ocrx_word' id='word_1_428' title='bbox 2713 3871 2904 3938; x_wconf 91' lang='grc' dir='ltr'>κύριον</span> <span class='ocrx_word' id='word_1_429' title='bbox 2953 3891 3019 3925; x_wconf 87' lang='lat' dir='ltr'>ex</span> 
     </span>
     <span class='ocr_line' id='line_1_41' title="bbox 444 3935 3018 4008; baseline 0.003 -22"><span class='ocrx_word' id='word_1_430' title='bbox 444 3936 635 3986; x_wconf 88' lang='lat' dir='ltr'>Choer.</span> <span class='ocrx_word' id='word_1_431' title='bbox 662 3938 778 3996; x_wconf 83' lang='grc'>297,</span> <span class='ocrx_word' id='word_1_432' title='bbox 808 3939 891 3997; x_wconf 88' lang='lat'>30,</span> <span class='ocrx_word' id='word_1_433' title='bbox 930 3936 1021 3987; x_wconf 82' lang='grc' dir='ltr'>καὶ</span> <span class='ocrx_word' id='word_1_434' title='bbox 1059 3935 1220 3988; x_wconf 86' lang='grc' dir='ltr'>πόλις</span> <span class='ocrx_word' id='word_1_435' title='bbox 1259 3938 1340 3988; x_wconf 85' lang='lat' dir='ltr'>St.</span> <span class='ocrx_word' id='word_1_436' title='bbox 1367 3939 1430 3988; x_wconf 88' lang='grc' dir='ltr'>Β.</span> <span class='ocrx_word' id='word_1_437' title='bbox 1458 3939 1575 4001; x_wconf 90' lang='grc'>388,</span> <span class='ocrx_word' id='word_1_438' title='bbox 1605 3939 1682 3987; x_wconf 84' lang='grc'>15.</span> <span class='ocrx_word' id='word_1_439' title='bbox 1788 3937 1821 3990; x_wconf 93' lang='lat' dir='ltr'>l.</span> <span class='ocrx_word' id='word_1_440' title='bbox 1850 3940 1880 3987; x_wconf 87' lang='grc'>9</span> <span class='ocrx_word' id='word_1_441' title='bbox 1908 3942 1963 3987; x_wconf 86' lang='lat' dir='ltr'>et</span> <span class='ocrx_word' id='word_1_442' title='bbox 1992 3942 2053 3989; x_wconf 88' lang='grc'>10</span> <span class='ocrx_word' id='word_1_443' title='bbox 2090 3953 2259 4004; x_wconf 87' lang='lat' dir='ltr'>usque</span> <span class='ocrx_word' id='word_1_444' title='bbox 2298 3939 2369 3989; x_wconf 85' lang='lat' dir='ltr'>ad</span> <span class='ocrx_word' id='word_1_445' title='bbox 2406 3938 2610 4002; x_wconf 86' lang='grc' dir='ltr'>κύφων</span> <span class='ocrx_word' id='word_1_446' title='bbox 2645 3942 2764 4005; x_wconf 81' lang='lat' dir='ltr'>ipse</span> <span class='ocrx_word' id='word_1_447' title='bbox 2802 3943 3018 4008; x_wconf 81' lang='lat' dir='ltr'>explevi</span> 
     </span>
     <span class='ocr_line' id='line_1_42' title="bbox 442 4003 3015 4071; baseline 0.003 -17"><span class='ocrx_word' id='word_1_448' title='bbox 442 4005 690 4055; x_wconf 82' lang='lat' dir='ltr'>consulto</span> <span class='ocrx_word' id='word_1_449' title='bbox 728 4004 975 4070; x_wconf 83' lang='lat' dir='ltr'>Theogn.</span> <span class='ocrx_word' id='word_1_450' title='bbox 1014 4008 1096 4068; x_wconf 86' lang='lat'>33,</span> <span class='ocrx_word' id='word_1_451' title='bbox 1134 4007 1183 4064; x_wconf 87' lang='lat'>6,</span> <span class='ocrx_word' id='word_1_452' title='bbox 1221 4005 1413 4056; x_wconf 82' lang='lat' dir='ltr'>Choer.</span> <span class='ocrx_word' id='word_1_453' title='bbox 1453 4007 1541 4067; x_wconf 92' lang='grc'>77,</span> <span class='ocrx_word' id='word_1_454' title='bbox 1579 4008 1661 4058; x_wconf 82' lang='lat'>30.</span> <span class='ocrx_word' id='word_1_455' title='bbox 1734 4003 2013 4068; x_wconf 83' lang='grc' dir='ltr'>Κολοφὼν</span> <span class='ocrx_word' id='word_1_456' title='bbox 2059 4007 2280 4071; x_wconf 81' lang='lat' dir='ltr'><strong>explevi</strong></span> <span class='ocrx_word' id='word_1_457' title='bbox 2327 4024 2393 4057; x_wconf 86' lang='lat' dir='ltr'>ex</span> <span class='ocrx_word' id='word_1_458' title='bbox 2439 4008 2516 4058; x_wconf 77' lang='lat' dir='ltr'>St.</span> <span class='ocrx_word' id='word_1_459' title='bbox 2556 4009 2615 4057; x_wconf 89' lang='lat' dir='ltr'>B.</span> <span class='ocrx_word' id='word_1_460' title='bbox 2653 4012 2743 4065; x_wconf 79' lang='grc'>49,</span> <span class='ocrx_word' id='word_1_461' title='bbox 2786 4012 2876 4071; x_wconf 88' lang='grc'>17,</span> <span class='ocrx_word' id='word_1_462' title='bbox 2924 4011 3015 4062; x_wconf 83' lang='grc' dir='ltr'>καί</span> 
     </span>
     <span class='ocr_line' id='line_1_43' title="bbox 442 4071 3014 4143; baseline 0.002 -19"><span class='ocrx_word' id='word_1_463' title='bbox 442 4071 726 4135; x_wconf 86' lang='grc' dir='ltr'>Τολοφών</span> <span class='ocrx_word' id='word_1_464' title='bbox 763 4088 830 4122; x_wconf 77' lang='lat' dir='ltr'>ex</span> <span class='ocrx_word' id='word_1_465' title='bbox 867 4073 1057 4123; x_wconf 86' lang='lat' dir='ltr'>eodem</span> <span class='ocrx_word' id='word_1_466' title='bbox 1096 4076 1208 4132; x_wconf 83' lang='grc'>128,</span> <span class='ocrx_word' id='word_1_467' title='bbox 1250 4076 1272 4122; x_wconf 88' lang='grc'>1</span> <span class='ocrx_word' id='word_1_468' title='bbox 1313 4078 1369 4123; x_wconf 88' lang='lat' dir='ltr'>et</span> <span class='ocrx_word' id='word_1_469' title='bbox 1404 4074 1438 4126; x_wconf 89' lang='lat' dir='ltr'>l.</span> <span class='ocrx_word' id='word_1_470' title='bbox 1480 4077 1540 4124; x_wconf 79' lang='lat'>12</span> <span class='ocrx_word' id='word_1_471' title='bbox 1578 4072 1657 4125; x_wconf 89' lang='grc' dir='ltr'>ὡς</span> <span class='ocrx_word' id='word_1_472' title='bbox 1694 4071 1910 4138; x_wconf 86' lang='grc' dir='ltr'>θηλυκά</span> <span class='ocrx_word' id='word_1_473' title='bbox 1946 4074 2122 4124; x_wconf 78' lang='lat' dir='ltr'>adieci</span> <span class='ocrx_word' id='word_1_474' title='bbox 2161 4091 2226 4125; x_wconf 82' lang='lat' dir='ltr'>ex</span> <span class='ocrx_word' id='word_1_475' title='bbox 2264 4075 2328 4125; x_wconf 86' lang='lat' dir='ltr'>E.</span> <span class='ocrx_word' id='word_1_476' title='bbox 2352 4076 2425 4125; x_wconf 89' lang='grc' dir='ltr'>Μ.</span> <span class='ocrx_word' id='word_1_477' title='bbox 2467 4078 2582 4138; x_wconf 85' lang='grc'>513,</span> <span class='ocrx_word' id='word_1_478' title='bbox 2620 4079 2703 4139; x_wconf 85' lang='grc'>32,</span> <span class='ocrx_word' id='word_1_479' title='bbox 2743 4076 2809 4127; x_wconf 85' lang='lat' dir='ltr'>de</span> <span class='ocrx_word' id='word_1_480' title='bbox 2847 4092 3014 4143; x_wconf 87' lang='grc' dir='ltr'>κατη-</span> 
     </span>
     <span class='ocr_line' id='line_1_44' title="bbox 442 4139 3012 4208; baseline 0.002 -17"><span class='ocrx_word' id='word_1_481' title='bbox 442 4139 573 4203; x_wconf 88' lang='grc' dir='ltr'>φών</span> <span class='ocrx_word' id='word_1_482' title='bbox 612 4141 682 4189; x_wconf 84' lang='lat' dir='ltr'>ef.</span> <span class='ocrx_word' id='word_1_483' title='bbox 720 4141 783 4190; x_wconf 89' lang='grc' dir='ltr'>ΙΙ.</span> <span class='ocrx_word' id='word_1_484' title='bbox 819 4142 907 4191; x_wconf 84' lang='lat' dir='ltr'>Pr.</span> <span class='ocrx_word' id='word_1_485' title='bbox 942 4139 986 4192; x_wconf 89' lang='grc' dir='ltr'>Ω</span> <span class='ocrx_word' id='word_1_486' title='bbox 1021 4144 1121 4193; x_wconf 87' lang='grc'>253</span> <span class='ocrx_word' id='word_1_487' title='bbox 1155 4140 1476 4205; x_wconf 88' lang='grc' dir='ltr'>κατηφόνες</span> <span class='ocrx_word' id='word_1_488' title='bbox 1522 4140 1601 4193; x_wconf 85' lang='grc' dir='ltr'>ὡς</span> <span class='ocrx_word' id='word_1_489' title='bbox 1638 4140 1979 4194; x_wconf 81' lang='grc' dir='ltr'>Μακεδόνες.</span> <span class='ocrx_word' id='word_1_490' title='bbox 2062 4141 2130 4192; x_wconf 92' lang='grc' dir='ltr'>τὸ</span> <span class='ocrx_word' id='word_1_491' title='bbox 2176 4142 2237 4194; x_wconf 84' lang='grc' dir='ltr'>δὲ</span> <span class='ocrx_word' id='word_1_492' title='bbox 2274 4142 2490 4207; x_wconf 89' lang='grc' dir='ltr'>Τυφῶν</span> <span class='ocrx_word' id='word_1_493' title='bbox 2525 4159 2698 4208; x_wconf 81' lang='lat' dir='ltr'>usque</span> <span class='ocrx_word' id='word_1_494' title='bbox 2737 4144 2806 4194; x_wconf 81' lang='lat' dir='ltr'>ad</span> <span class='ocrx_word' id='word_1_495' title='bbox 2851 4146 3012 4197; x_wconf 88' lang='lat' dir='ltr'>finem</span> 
     </span>
     <span class='ocr_line' id='line_1_45' title="bbox 443 4208 3013 4277; baseline 0.003 -18"><span class='ocrx_word' id='word_1_496' title='bbox 443 4226 507 4259; x_wconf 79' lang='lat' dir='ltr'>ex</span> <span class='ocrx_word' id='word_1_497' title='bbox 535 4210 612 4259; x_wconf 90' lang='lat' dir='ltr'>Io.</span> <span class='ocrx_word' id='word_1_498' title='bbox 630 4208 784 4257; x_wconf 80' lang='lat' dir='ltr'>Alex.</span> <span class='ocrx_word' id='word_1_499' title='bbox 806 4211 855 4270; x_wconf 88' lang='lat'>9,</span> <span class='ocrx_word' id='word_1_500' title='bbox 881 4212 924 4258; x_wconf 89' lang='lat'>1.</span> <span class='ocrx_word' id='word_1_501' title='bbox 1031 4210 1064 4260; x_wconf 93' lang='lat' dir='ltr'>l.</span> <span class='ocrx_word' id='word_1_502' title='bbox 1087 4212 1153 4261; x_wconf 87' lang='grc'>15</span> <span class='ocrx_word' id='word_1_503' title='bbox 1178 4208 1411 4274; x_wconf 90' lang='grc' dir='ltr'>Βρύχων</span> <span class='ocrx_word' id='word_1_504' title='bbox 1433 4209 1649 4275; x_wconf 75' lang='lat' dir='ltr'><strong>explevi</strong></span> <span class='ocrx_word' id='word_1_505' title='bbox 1673 4226 1739 4260; x_wconf 82' lang='lat' dir='ltr'>ex</span> <span class='ocrx_word' id='word_1_506' title='bbox 1765 4210 2011 4275; x_wconf 84' lang='lat' dir='ltr'>Theogn.</span> <span class='ocrx_word' id='word_1_507' title='bbox 2034 4214 2116 4271; x_wconf 90' lang='lat'>33,</span> <span class='ocrx_word' id='word_1_508' title='bbox 2138 4213 2205 4261; x_wconf 87' lang='grc'>30</span> <span class='ocrx_word' id='word_1_509' title='bbox 2224 4208 2320 4275; x_wconf 83' lang='lat' dir='ltr'>(cf.</span> <span class='ocrx_word' id='word_1_510' title='bbox 2343 4212 2475 4262; x_wconf 82' lang='lat' dir='ltr'>Hes.</span> <span class='ocrx_word' id='word_1_511' title='bbox 2498 4211 2731 4276; x_wconf 92' lang='grc' dir='ltr'>Βρύχων</span> <span class='ocrx_word' id='word_1_512' title='bbox 2756 4214 3013 4277; x_wconf 85' lang='grc' dir='ltr'>ποταμὸς</span> 
     </span>
     <span class='ocr_line' id='line_1_46' title="bbox 442 4274 3012 4347; baseline 0.002 -19"><span class='ocrx_word' id='word_1_513' title='bbox 442 4277 569 4341; x_wconf 83' lang='grc' dir='ltr'>περὶ</span> <span class='ocrx_word' id='word_1_514' title='bbox 605 4274 961 4341; x_wconf 84' lang='grc' dir='ltr'>Παλλήνης),</span> <span class='ocrx_word' id='word_1_515' title='bbox 1001 4276 1203 4341; x_wconf 85' lang='grc' dir='ltr'>Τύχων</span> <span class='ocrx_word' id='word_1_516' title='bbox 1240 4294 1308 4328; x_wconf 86' lang='lat' dir='ltr'>ex</span> <span class='ocrx_word' id='word_1_517' title='bbox 1346 4278 1534 4329; x_wconf 85' lang='lat' dir='ltr'>eodem</span> <span class='ocrx_word' id='word_1_518' title='bbox 1571 4284 1626 4328; x_wconf 87' lang='lat' dir='ltr'>et</span> <span class='ocrx_word' id='word_1_519' title='bbox 1665 4278 1860 4329; x_wconf 86' lang='lat' dir='ltr'>Choer.</span> <span class='ocrx_word' id='word_1_520' title='bbox 1899 4280 1982 4340; x_wconf 91' lang='grc'>77,</span> <span class='ocrx_word' id='word_1_521' title='bbox 2021 4281 2110 4336; x_wconf 84' lang='grc'>31,</span> <span class='ocrx_word' id='word_1_522' title='bbox 2147 4278 2293 4329; x_wconf 86' lang='lat' dir='ltr'>unde</span> <span class='ocrx_word' id='word_1_523' title='bbox 2331 4280 2500 4330; x_wconf 81' lang='lat' dir='ltr'>etiam</span> <span class='ocrx_word' id='word_1_524' title='bbox 2536 4279 2833 4345; x_wconf 80' lang='grc' dir='ltr'>(πέρχων,</span> <span class='ocrx_word' id='word_1_525' title='bbox 2872 4281 3012 4347; x_wconf 67' lang='lat' dir='ltr'>&#39;rup-</span> 
     </span>
     <span class='ocr_line' id='line_1_47' title="bbox 441 4344 3012 4411; baseline 0.004 -17"><span class='ocrx_word' id='word_1_526' title='bbox 441 4360 560 4408; x_wconf 88' lang='grc' dir='ltr'>χων</span> <span class='ocrx_word' id='word_1_527' title='bbox 597 4361 663 4394; x_wconf 80' lang='lat' dir='ltr'>ex</span> <span class='ocrx_word' id='word_1_528' title='bbox 701 4345 778 4393; x_wconf 83' lang='lat' dir='ltr'>St.</span> <span class='ocrx_word' id='word_1_529' title='bbox 817 4346 878 4398; x_wconf 95' lang='lat' dir='ltr'>B.</span> <span class='ocrx_word' id='word_1_530' title='bbox 917 4348 1031 4405; x_wconf 91' lang='grc'>607,</span> <span class='ocrx_word' id='word_1_531' title='bbox 1066 4350 1115 4395; x_wconf 82' lang='grc'>4.</span> <span class='ocrx_word' id='word_1_532' title='bbox 1286 4346 1321 4395; x_wconf 91' lang='lat' dir='ltr'>l.</span> <span class='ocrx_word' id='word_1_533' title='bbox 1361 4349 1420 4398; x_wconf 91' lang='grc'>17</span> <span class='ocrx_word' id='word_1_534' title='bbox 1459 4346 1525 4396; x_wconf 87' lang='lat' dir='ltr'>de</span> <span class='ocrx_word' id='word_1_535' title='bbox 1561 4344 1818 4411; x_wconf 87' lang='grc' dir='ltr'>γλήχων,</span> <span class='ocrx_word' id='word_1_536' title='bbox 1859 4346 2001 4411; x_wconf 88' lang='lat' dir='ltr'>quod</span> <span class='ocrx_word' id='word_1_537' title='bbox 2037 4362 2132 4410; x_wconf 82' lang='lat' dir='ltr'>pro</span> <span class='ocrx_word' id='word_1_538' title='bbox 2170 4344 2380 4410; x_wconf 88' lang='grc' dir='ltr'>γλίχων</span> <span class='ocrx_word' id='word_1_539' title='bbox 2417 4348 2730 4411; x_wconf 81' lang='lat' dir='ltr'>substituit,</span> <span class='ocrx_word' id='word_1_540' title='bbox 2769 4351 2839 4400; x_wconf 86' lang='lat' dir='ltr'>cf.</span> <span class='ocrx_word' id='word_1_541' title='bbox 2874 4351 3012 4405; x_wconf 89' lang='lat' dir='ltr'><strong>Lob.</strong></span> 
     </span>
     <span class='ocr_line' id='line_1_48' title="bbox 441 4411 3013 4483; baseline 0.003 -21"><span class='ocrx_word' id='word_1_542' title='bbox 441 4413 511 4462; x_wconf 82' lang='lat' dir='ltr'>ad</span> <span class='ocrx_word' id='word_1_543' title='bbox 548 4413 632 4462; x_wconf 83' lang='grc' dir='ltr'>Αἰ.</span> <span class='ocrx_word' id='word_1_544' title='bbox 679 4411 712 4460; x_wconf 90' lang='lat' dir='ltr'>l.</span> <span class='ocrx_word' id='word_1_545' title='bbox 749 4428 792 4461; x_wconf 84' lang='lat' dir='ltr'>c.</span> <span class='ocrx_word' id='word_1_546' title='bbox 829 4439 895 4448; x_wconf 88' lang='lat'>——</span> <span class='ocrx_word' id='word_1_547' title='bbox 941 4414 1024 4463; x_wconf 90' lang='lat' dir='ltr'>De</span> <span class='ocrx_word' id='word_1_548' title='bbox 1071 4414 1343 4479; x_wconf 78' lang='lat' dir='ltr'>perispasi</span> <span class='ocrx_word' id='word_1_549' title='bbox 1390 4414 1623 4465; x_wconf 84' lang='lat' dir='ltr'>nominis</span> <span class='ocrx_word' id='word_1_550' title='bbox 1667 4412 2091 4478; x_wconf 84' lang='grc' dir='ltr'>Πολυςπερχῶν</span> <span class='ocrx_word' id='word_1_551' title='bbox 2140 4414 2500 4466; x_wconf 82' lang='lat' dir='ltr'>dubitandum</span> <span class='ocrx_word' id='word_1_552' title='bbox 2549 4423 2658 4480; x_wconf 86' lang='lat' dir='ltr'>est,</span> <span class='ocrx_word' id='word_1_553' title='bbox 2707 4433 2866 4483; x_wconf 87' lang='lat' dir='ltr'>quum</span> <span class='ocrx_word' id='word_1_554' title='bbox 2904 4436 3013 4470; x_wconf 89' lang='lat' dir='ltr'>non</span> 
     </span>
     <span class='ocr_line' id='line_1_49' title="bbox 440 4479 3015 4553; baseline 0.002 -21"><span class='ocrx_word' id='word_1_555' title='bbox 440 4479 990 4544; x_wconf 86' lang='grc' dir='ltr'>Πολυςπερχῶντος,</span> <span class='ocrx_word' id='word_1_556' title='bbox 1031 4482 1127 4532; x_wconf 82' lang='lat' dir='ltr'>sed</span> <span class='ocrx_word' id='word_1_557' title='bbox 1163 4479 1668 4546; x_wconf 85' lang='grc' dir='ltr'>Πολυςπέρχοντος</span> <span class='ocrx_word' id='word_1_558' title='bbox 1706 4482 2012 4534; x_wconf 73' lang='lat' dir='ltr'>declinetur</span> <span class='ocrx_word' id='word_1_559' title='bbox 2048 4488 2103 4532; x_wconf 89' lang='lat' dir='ltr'>et</span> <span class='ocrx_word' id='word_1_560' title='bbox 2126 4482 2392 4533; x_wconf 82' lang='lat' dir='ltr'>Arcadius</span> <span class='ocrx_word' id='word_1_561' title='bbox 2429 4486 2764 4536; x_wconf 80' lang='lat' dir='ltr'>sententiam</span> <span class='ocrx_word' id='word_1_562' title='bbox 2798 4502 3015 4553; x_wconf 81' lang='lat' dir='ltr'>perver-</span> 
     </span>
     <span class='ocr_line' id='line_1_50' title="bbox 439 4547 3009 4619; baseline 0.003 -21"><span class='ocrx_word' id='word_1_563' title='bbox 439 4550 576 4600; x_wconf 81' lang='lat' dir='ltr'>tisse</span> <span class='ocrx_word' id='word_1_564' title='bbox 612 4547 847 4612; x_wconf 85' lang='lat' dir='ltr'>videtur,</span> <span class='ocrx_word' id='word_1_565' title='bbox 885 4550 932 4599; x_wconf 83' lang='lat' dir='ltr'>si</span> <span class='ocrx_word' id='word_1_566' title='bbox 967 4550 1215 4600; x_wconf 80' lang='lat' dir='ltr'>conferas</span> <span class='ocrx_word' id='word_1_567' title='bbox 1253 4550 1446 4603; x_wconf 87' lang='lat' dir='ltr'>Choer.</span> <span class='ocrx_word' id='word_1_568' title='bbox 1485 4552 1567 4612; x_wconf 88' lang='grc'>78,</span> <span class='ocrx_word' id='word_1_569' title='bbox 1603 4553 1635 4600; x_wconf 82' lang='grc'>4</span> <span class='ocrx_word' id='word_1_570' title='bbox 1670 4549 1741 4601; x_wconf 83' lang='grc' dir='ltr'>τὰ</span> <span class='ocrx_word' id='word_1_571' title='bbox 1776 4549 1921 4614; x_wconf 80' lang='grc' dir='ltr'>ὑπὲρ</span> <span class='ocrx_word' id='word_1_572' title='bbox 1956 4548 2057 4600; x_wconf 83' lang='grc' dir='ltr'>δύο</span> <span class='ocrx_word' id='word_1_573' title='bbox 2104 4550 2375 4614; x_wconf 87' lang='grc' dir='ltr'>ςυλλαβὰς</span> <span class='ocrx_word' id='word_1_574' title='bbox 2413 4553 2674 4616; x_wconf 87' lang='grc' dir='ltr'>μετοχικὰ</span> <span class='ocrx_word' id='word_1_575' title='bbox 2713 4553 2814 4615; x_wconf 83' lang='grc' dir='ltr'>μέν</span> <span class='ocrx_word' id='word_1_576' title='bbox 2851 4554 3009 4619; x_wconf 82' lang='grc' dir='ltr'>ὄντα,</span> 
     </span>
     <span class='ocr_line' id='line_1_51' title="bbox 439 4614 3012 4688; baseline 0.003 -20"><span class='ocrx_word' id='word_1_577' title='bbox 439 4616 526 4668; x_wconf 87' lang='grc' dir='ltr'>διὰ</span> <span class='ocrx_word' id='word_1_578' title='bbox 561 4618 664 4668; x_wconf 89' lang='grc' dir='ltr'>τοῦ</span> <span class='ocrx_word' id='word_1_579' title='bbox 703 4620 772 4666; x_wconf 66' lang='lat' dir='ltr'>VT·</span> <span class='ocrx_word' id='word_1_580' title='bbox 807 4614 1090 4675; x_wconf 86' lang='grc' dir='ltr'>κλίνονται</span> <span class='ocrx_word' id='word_1_581' title='bbox 1127 4618 1214 4669; x_wconf 86' lang='grc' dir='ltr'>καὶ</span> <span class='ocrx_word' id='word_1_582' title='bbox 1251 4617 1515 4683; x_wconf 89' lang='grc' dir='ltr'>δηλονότι</span> <span class='ocrx_word' id='word_1_583' title='bbox 1561 4616 1824 4682; x_wconf 88' lang='grc' dir='ltr'>τρέπουςι</span> <span class='ocrx_word' id='word_1_584' title='bbox 1859 4617 1929 4669; x_wconf 85' lang='grc' dir='ltr'>τὸ</span> <span class='ocrx_word' id='word_1_585' title='bbox 1966 4633 2013 4669; x_wconf 93' lang='grc' dir='ltr'>ω</span> <span class='ocrx_word' id='word_1_586' title='bbox 2054 4616 2131 4669; x_wconf 90' lang='grc' dir='ltr'>είς</span> <span class='ocrx_word' id='word_1_587' title='bbox 2166 4617 2234 4669; x_wconf 89' lang='grc' dir='ltr'>τὸ</span> <span class='ocrx_word' id='word_1_588' title='bbox 2272 4618 2333 4670; x_wconf 81' lang='grc' dir='ltr'>ἐν</span> <span class='ocrx_word' id='word_1_589' title='bbox 2374 4623 2444 4686; x_wconf 82' lang='grc' dir='ltr'>τῇ</span> <span class='ocrx_word' id='word_1_590' title='bbox 2482 4625 2673 4688; x_wconf 84' lang='grc' dir='ltr'>γενικῇ</span> <span class='ocrx_word' id='word_1_591' title='bbox 2711 4619 2836 4674; x_wconf 78' lang='grc' dir='ltr'>οἷον</span> <span class='ocrx_word' id='word_1_592' title='bbox 2870 4622 3012 4675; x_wconf 88' lang='grc' dir='ltr'>Φαέ-</span> 
     </span>
     <span class='ocr_line' id='line_1_52' title="bbox 439 4684 3012 4754; baseline 0.002 -18"><span class='ocrx_word' id='word_1_593' title='bbox 439 4687 559 4736; x_wconf 92' lang='grc' dir='ltr'>θων</span> <span class='ocrx_word' id='word_1_594' title='bbox 585 4684 932 4747; x_wconf 85' lang='grc' dir='ltr'>Φαέθοντος,</span> <span class='ocrx_word' id='word_1_595' title='bbox 971 4684 1418 4751; x_wconf 89' lang='grc' dir='ltr'>Πυριφλεγέθων</span> <span class='ocrx_word' id='word_1_596' title='bbox 1443 4684 1999 4750; x_wconf 87' lang='grc' dir='ltr'>Πυριφλεγέθοντος,</span> <span class='ocrx_word' id='word_1_597' title='bbox 2037 4685 2461 4754; x_wconf 88' lang='grc' dir='ltr'>Πολυςπέρχων</span> <span class='ocrx_word' id='word_1_598' title='bbox 2493 4688 3012 4754; x_wconf 88' lang='grc' dir='ltr'>Πολυςπέρχοντος.</span> 
     </span>
     <span class='ocr_line' id='line_1_53' title="bbox 439 4753 3014 4819; baseline 0.003 -16"><span class='ocrx_word' id='word_1_599' title='bbox 439 4755 703 4804; x_wconf 80' lang='lat' dir='ltr'>Fortasse</span> <span class='ocrx_word' id='word_1_600' title='bbox 741 4753 878 4802; x_wconf 85' lang='lat' dir='ltr'>nihil</span> <span class='ocrx_word' id='word_1_601' title='bbox 913 4754 1231 4805; x_wconf 78' lang='lat' dir='ltr'>mutandum</span> <span class='ocrx_word' id='word_1_602' title='bbox 1267 4756 1374 4806; x_wconf 81' lang='lat' dir='ltr'>nisi</span> <span class='ocrx_word' id='word_1_603' title='bbox 1415 4756 1746 4819; x_wconf 86' lang='grc' dir='ltr'>περιςπᾶται</span> <span class='ocrx_word' id='word_1_604' title='bbox 1789 4758 1848 4805; x_wconf 87' lang='lat' dir='ltr'>in</span> <span class='ocrx_word' id='word_1_605' title='bbox 1885 4754 2207 4819; x_wconf 88' lang='grc' dir='ltr'>βαρύνεται,</span> <span class='ocrx_word' id='word_1_606' title='bbox 2255 4773 2378 4807; x_wconf 84' lang='lat' dir='ltr'>nam</span> <span class='ocrx_word' id='word_1_607' title='bbox 2416 4757 2818 4813; x_wconf 71' lang='lat' dir='ltr'>circumflexum</span> <span class='ocrx_word' id='word_1_608' title='bbox 2852 4776 3014 4811; x_wconf 82' lang='lat' dir='ltr'><strong>voca·</strong></span> 
     </span>
     <span class='ocr_line' id='line_1_54' title="bbox 442 4821 2878 4889; baseline 0.004 -18"><span class='ocrx_word' id='word_1_609' title='bbox 442 4821 624 4871; x_wconf 87' lang='lat' dir='ltr'>bulum</span> <span class='ocrx_word' id='word_1_610' title='bbox 667 4822 726 4871; x_wconf 89' lang='lat' dir='ltr'>in</span> <span class='ocrx_word' id='word_1_611' title='bbox 764 4823 883 4884; x_wconf 63' lang='grc' dir='ltr'>χΤυῦ</span> <span class='ocrx_word' id='word_1_612' title='bbox 921 4838 1095 4887; x_wconf 86' lang='lat' dir='ltr'>neque</span> <span class='ocrx_word' id='word_1_613' title='bbox 1130 4825 1188 4873; x_wconf 88' lang='lat' dir='ltr'>in</span> <span class='ocrx_word' id='word_1_614' title='bbox 1225 4825 1369 4873; x_wconf 88' lang='lat' dir='ltr'>Mon.</span> <span class='ocrx_word' id='word_1_615' title='bbox 1403 4824 1521 4874; x_wconf 83' lang='lat' dir='ltr'>loco</span> <span class='ocrx_word' id='word_1_616' title='bbox 1557 4822 1829 4888; x_wconf 79' lang='lat' dir='ltr'>profertur</span> <span class='ocrx_word' id='word_1_617' title='bbox 1868 4839 2047 4889; x_wconf 86' lang='lat' dir='ltr'>neque</span> <span class='ocrx_word' id='word_1_618' title='bbox 2084 4840 2117 4874; x_wconf 81' lang='lat' dir='ltr'>a</span> <span class='ocrx_word' id='word_1_619' title='bbox 2152 4825 2430 4877; x_wconf 85' lang='lat' dir='ltr'>Lobeckio</span> <span class='ocrx_word' id='word_1_620' title='bbox 2466 4824 2523 4874; x_wconf 89' lang='lat' dir='ltr'>in</span> <span class='ocrx_word' id='word_1_621' title='bbox 2558 4825 2726 4876; x_wconf 89' lang='lat' dir='ltr'>Proll.</span> <span class='ocrx_word' id='word_1_622' title='bbox 2763 4830 2878 4882; x_wconf 86' lang='grc'>317.</span> 
     </span>
    </p>

    <p class='ocr_par' dir='ltr' id='par_1_10' title="bbox 442 4888 3018 4961">
     <span class='ocr_line' id='line_1_55' title="bbox 442 4888 3018 4961; baseline 0.003 -23"><span class='ocrx_word' id='word_1_623' title='bbox 442 4888 477 4938; x_wconf 90' lang='lat' dir='ltr'>l.</span> <span class='ocrx_word' id='word_1_624' title='bbox 517 4891 585 4940; x_wconf 87' lang='grc'>20</span> <span class='ocrx_word' id='word_1_625' title='bbox 617 4890 780 4940; x_wconf 76' lang='lat' dir='ltr'>Hune</span> <span class='ocrx_word' id='word_1_626' title='bbox 816 4905 1074 4940; x_wconf 83' lang='lat' dir='ltr'>canonem</span> <span class='ocrx_word' id='word_1_627' title='bbox 1111 4892 1184 4941; x_wconf 93' lang='lat' dir='ltr'>Io.</span> <span class='ocrx_word' id='word_1_628' title='bbox 1224 4891 1374 4942; x_wconf 82' lang='lat' dir='ltr'>Alex.</span> <span class='ocrx_word' id='word_1_629' title='bbox 1411 4894 1462 4954; x_wconf 88' lang='lat'>8,</span> <span class='ocrx_word' id='word_1_630' title='bbox 1499 4894 1531 4942; x_wconf 92' lang='grc'>8</span> <span class='ocrx_word' id='word_1_631' title='bbox 1569 4892 1648 4943; x_wconf 80' lang='lat' dir='ltr'>sio</span> <span class='ocrx_word' id='word_1_632' title='bbox 1682 4891 1935 4943; x_wconf 82' lang='lat' dir='ltr'>exhibet:</span> <span class='ocrx_word' id='word_1_633' title='bbox 1972 4893 2094 4943; x_wconf 87' lang='grc' dir='ltr'>τῶν</span> <span class='ocrx_word' id='word_1_634' title='bbox 2137 4891 2280 4956; x_wconf 80' lang='grc' dir='ltr'>ὑπὲρ</span> <span class='ocrx_word' id='word_1_635' title='bbox 2329 4892 2457 4956; x_wconf 87' lang='grc' dir='ltr'>μίαν</span> <span class='ocrx_word' id='word_1_636' title='bbox 2495 4893 2773 4960; x_wconf 86' lang='grc' dir='ltr'>ςυλλαβὴν</span> <span class='ocrx_word' id='word_1_637' title='bbox 2817 4895 2879 4948; x_wconf 81' lang='grc' dir='ltr'>ἐν</span> <span class='ocrx_word' id='word_1_638' title='bbox 2918 4896 3018 4961; x_wconf 82' lang='grc' dir='ltr'>μέν</span> 
     </span>
    </p>
   </div>
  </div>
 </body>
</html>
