3664 5546
1188 409 1347 463 ΠΕΡΙ
1389 405 1781 462 ΚΑΘΟΛΙΚΗ(
1816 404 2239 462 ΠΡΟΕΩιΔΙΑ(
2280 404 2349 457 ΙΓ.
2939 399 3073 464 379

484 583 896 666 κέλευθον,
943 581 1238 661 βάρβιτος
1269 580 1679 660 βάρβιτον,
1725 576 2055 658 Τάρταρος
2085 576 2532 658 Τάρταρον,
2578 574 2888 653 ἄρκευθος
2932 572 3065 650 ἄρ-

481 690 783 749 κευθον.

653 811 692 847 ιι
735 785 830 850 Τὰ
874 786 961 850 εἰς
1001 772 1124 865 βῖν
1171 784 1482 863 οὐδέτερα
1526 784 1920 862 πληθυντικὰ
1963 782 2147 861 κύρια
2191 782 2353 859 ὑπὲρ
2400 781 2518 845 δύο
2551 779 2863 860 ςυλλαβὰς
2906 770 3066 857 προ-

479 887 934 969 παροξύνεται,
1002 887 1357 966 Κάνδυβα
1422 886 1607 950 πόλις
1663 885 1892 950 Λυκίας
1957 883 2088 949 ἀπὸ
2148 884 2478 962 Κανδύβου
2545 883 2775 948 παιδὸς
2832 882 3065 946 Λευκα-

484 988 732 1053 λίωνος.
804 988 1206 1073 ,Μαρίαβα
1270 987 1658 1066 μητρόπολις
1715 985 2004 1067 (αβαίων
2069 987 2233 1064 πρὸς
2297 991 2373 1068 τῇ
2441 984 2704 1067 Ἐρυθρᾷ
2769 982 3061 1066 θαλάςςη.
3105 985 3138 1034 5

484 1090 782 1171 (τράβων
847 1089 1253 1173 ἑκκαιδεκάτῃ
1309 1090 1401 1173 (p.
1444 1088 1612 1171 768).
1717 1088 2078 1168 Μὲςςαβα
2145 1088 2331 1152 πόλις
2402 1087 2642 1164 Καρῶν.
2739 1085 3067 1149 Ἑκαταῖος

481 1191 666 1274 Ἀςίᾳ.
758 1192 1089 1271 Μήδαβα
1130 1190 1320 1255 πόλις
1373 1197 1503 1255 τῶν
1553 1190 1945 1270 Ναβαταίων.
2032 1189 2382 1268 Τένδηβα
2437 1189 2624 1253 πόλις
2672 1185 2899 1265 Καρίας
2955 1185 3066 1264 ἀρ-

483 1292 644 1371 χαία.
754 1292 1250 1373 Ῥαβάθμωβα
1326 1292 1513 1356 πόλις
1587 1292 1798 1370 τρίτης
1873 1291 2294 1369 Παλαιςτίνης
2368 1290 2408 1368 ἡ
2489 1294 2608 1354 νῦν
2678 1288 3065 1366 Ἀρεόπολις.

485 1383 965 1473 Χαράκμωβα
1008 1393 1196 1457 πόλις
1239 1396 1351 1471 τῆς
1397 1397 1514 1457 νῦν
1558 1392 1768 1470 τρίτης
1797 1393 2249 1475 Παλαιςτίνης,
2295 1392 2374 1469 ἣν
2420 1390 2779 1470 ἀναγράφει
2819 1390 3085 1454 Πτολε--
3116 1467 3151 1478 ,-

483 1498 669 1574 μαῖος
711 1498 1185 1575 γεωγραφικοῖς
1229 1494 1301 1560 ἐν
1346 1493 1397 1559 ε’
1443 1497 1660 1578 βιβλίῳ
1706 1495 1776 1559 ἐν
1806 1494 2161 1574 Ἀραβικαῖς
2188 1497 2299 1569 τῆς
2331 1492 2729 1572 εὐδαίμονος.
2779 1491 3067 1571 Μώαβα
3109 1500 3170 1550 10

483 1600 676 1675 μοῖρα
728 1599 841 1674 τῆς
896 1596 1199 1676 Ἀραβίας.
1299 1596 1721 1676 Ἀνάζαρβα
1786 1596 1974 1660 πόλίς
2032 1595 2315 1659 Κιλικίας.
2416 1594 2704 1672 κέκληται
2760 1592 2891 1659 ἀπὸ
2949 1596 3067 1656 τοῦ

483 1699 910 1776 προκειμένου
956 1696 1154 1775 ὄρους
1196 1699 1235 1776 ἢ
1284 1696 1414 1761 ἀπὸ
1461 1697 1812 1777 Ἀναζάρβα
1854 1702 1973 1760 τοῦ
2018 1696 2358 1761 κτίςαντος.
3108 1703 3113 1710 ’

655 1822 693 1857 se
736 1799 830 1864 Τὰ
884 1799 974 1863 εἰς
1017 1803 1139 1874 Ῠόῦ
1193 1799 1297 1863 καὶ
1341 1786 1461 1864 δο-ν
1496 1799 1807 1876 οὐδέτερα
1849 1799 2033 1877 κύρια
2069 1798 2230 1876 ὑπὲρ
2271 1798 2391 1861 δύο
2428 1797 2743 1880 ςυλλαβὰς
2775 1815 3066 1875 προπαρ-

490 1899 815 1982 οξύνεται,
853 1901 1203 1977 Βήςςυγα
1240 1901 1549 1980 ἐμπόριον
1581 1904 1692 1980 τῆς
1725 1900 1998 1977 Ἰνδικῆς.
2063 1898 2399 1975 Ἔγγαδα
2430 1900 2603 1977 κώμη
2640 1896 2879 1977 μεγάλη
2910 1900 3067 1974 πλη-

484 2001 619 2066 ςίον
652 2000 957 2080 (οδόμων
988 2001 1294 2082 Ἀραβίαςῑ
1347 2002 1898 2079 Μαςανώραδα
1927 2001 2113 2066 πόλις
2147 2001 2374 2078 Καρίας
2414 1999 2546 2066 ἀπὸ
2580 1999 3067 2078 Μαςανωράδου
3108 2004 3170 2053 15

481 2106 599 2166 τοῦ
649 2103 976 2182 Κινδαψοῦ
1020 2103 1265 2167 παιδός.
1332 2102 1689 2168 (ύνναδα
1732 2102 1919 2167 πόλις
1947 2102 2240 2181 Φρυγίας.
2311 2101 2561 2179 λέγουςι
2602 2103 2672 2165 δὲ
2717 2100 3071 2179 Ἀκάμαντα

482 2204 639 2283 μετὰ
666 2205 747 2268 τὰ
776 2203 1028 2283 Τρωϊκά
1058 2204 1597 2282 ἀποπλανηθέντα
1628 2205 1839 2269 ἐλθεῖν
1870 2203 1958 2268 εἰς
1991 2203 2274 2282 Φρυγίαν
2304 2204 2407 2268 καὶ
2434 2204 2814 2283 καταλαβεῖν
2844 2205 3069 2266 πολιο-

482 2295 841 2385 ρκούμενον
883 2307 1001 2371 τὸν
1041 2312 1172 2372 τῶν
1216 2307 1438 2371 τόπων
1484 2307 1797 2384 δυνάςτην
1850 2307 1953 2370 καὶ
1997 2305 2393 2385 βοηθήςαντα
2441 2305 2617 2387 αὐτῷ
2670 2307 2888 2383 λαβεῖν
2942 2303 3069 2380 χώ-

483 2427 603 2484 ραν
648 2407 751 2471 καὶ
791 2407 984 2471 κτίςαι
1027 2408 1251 2473 πόλιν·
1296 2407 1793 2484 ςυναθροίςαντα
1828 2408 1899 2471 δὲ
1930 2407 2220 2471 πολλοὺς
2265 2406 2601 2484 οἰκήτορας
2630 2409 2760 2470 τῶν
2793 2403 2924 2468 ἀπὸ
2954 2407 3068 2481 τῆς

481 2506 785 2571 Ἑλλάδος
830 2509 1227 2573 Μακεδόνων
1283 2509 1440 2572 κατὰ
1494 2510 1609 2585 τὴν
1657 2507 1864 2572 Ἀςίαν
1919 2509 1995 2571 τὸ
2048 2509 2162 2586 μὲν
2211 2512 2472 2585 πρῶτον
2528 2507 2727 2585 αὐτὴν
2783 2505 2915 2571 ἀπὸ
2958 2508 3071 2581 τῆς
3105 2509 3174 2560 20

484 2611 856 2686 ςυναγωγῆς
890 2610 993 2672 καὶ
1026 2609 1444 2685 ςυνοικήςεως
1477 2607 1751 2672 (ύνναια
1780 2612 2317 2691 προςαγορεῦςαι,
2354 2609 2509 2687 μετὰ
2542 2610 2611 2673 δὲ
2645 2610 2844 2671 ταῦτα
2876 2625 3069 2684 παρε-

483 2709 867 2788 φθαρμένως
908 2709 1036 2773 ὑπὸ
1076 2714 1210 2773 τῶν
1250 2711 1712 2789 πληςιοχώρων
1759 2707 2051 2775 (ύνναδα
2096 2712 2414 2789 κληθῆναι.
2483 2709 2787 2789 Ψίμαδα
2831 2709 3115 2788 χωρίον]

483 2810 797 2888 Ἰςαυρίας.
861 2811 1252 2891 Ἄμβλαδα
1296 2812 1482 2876 πόλις
1510 2811 1811 2876 Πιςιδίας.
1881 2811 2179 2892 (τράβων
2225 2812 2550 2899 δωδεκάτῃ
2594 2813 2686 2896 (p.
2717 2810 2872 2894 517)
2921 2810 3073 2875 «εἰςὶ

484 2913 556 2976 δὲ
599 2915 737 2976 τοῖς
779 2911 1013 2990 Φρυξὶν
1059 2912 1289 2991 ὅμοροι
1337 2914 1441 2977 καὶ
1495 2919 1572 2997 τῇ
1621 2912 1815 2995 Καρίᾳ
1860 2913 2056 2994 Τάβαι
2113 2914 2216 2978 καὶ
2257 2915 2488 2979 Ἴςινδα
2543 2914 2646 2977 καὶ
2685 2913 3069 2992 Ἄμβλαδα».

486 3013 791 3077 Γάλαδα
846 3013 1025 3092 χώρα
1079 3013 1384 3094 Ἀραβίας.
1484 3013 1770 3094 (έβεδα
1825 3016 2010 3093 λιμὴν
2064 3015 2319 3097 Λυκίας,
2377 3015 2467 3079 ώς
2522 3014 2941 3092 Ἀλέξανδρος
2997 3013 3068 3078 ἐν
3104 3018 3171 3069 25

482 3115 790 3198 περίπλῳ.
876 3114 1175 3194 Ζάβιδα
1227 3116 1404 3196 κώμη
1459 3119 1569 3194 τῆς
1624 3105 2004 3195 εὐδαίμονος
2058 3115 2365 3196 Ἀραβίας.
2473 3115 2766 3196 Ὄβοδα
2830 3115 3069 3195 χωρίον

486 3215 877 3295 Ναβαταίων.
937 3206 1365 3282 Ἀττάλυδα
1409 3217 1595 3282 πόλις
1638 3218 1901 3300 Λυδίας,
1947 3220 2255 3282 κτιςθεῖςα
2299 3218 2427 3308 ὑπὸ
2458 3218 2724 3282 Ἄττυος
2767 3218 2871 3281 καὶ
2913 3217 3071 3295 μετὰ

483 3316 762 3382 θάνατον
818 3316 1019 3382 αὐτοῦ
1074 3319 1202 3382 ὑπό
1247 3317 1460 3383 Λυδοῦ
1519 3323 1635 3383 τοῦ
1690 3321 1921 3384 παιδός
1974 3319 2190 3384 αὐτοῦ.
2284 3319 2615 3398 Ἄβυδον
2671 3318 2858 3382 πόλις
2911 3318 3070 3381 κατὰ

481 3419 599 3496 τὴν
655 3417 970 3493 Ἰαπυγίαν
1026 3420 1065 3497 ἢ
1111 3419 1390 3483 Ἰταλίαν.
1483 3419 1716 3486 Φιλέας
1772 3408 1943 3485 «ἔςτι
2002 3422 2071 3485 δὲ
2126 3422 2228 3485 καὶ
2280 3419 2593 3497 Ἰαπυγίας
2647 3418 3064 3499 πολιςμάτιον

484 3520 554 3584 ἐν
598 3518 965 3584 Πευκετίοις
1022 3520 1229 3585 οὕτως
1286 3522 1431 3585 κατ’
1475 3518 1674 3600 ὀρθὴν
1732 3523 2085 3603 λεγόμενον
2132 3523 2409 3603 Ἄβυδον
2425 3547 2469 3585 ».
2556 3521 2897 3597 Αὔςιγδα
2952 3520 3068 3585 πό-
3106 3522 3173 3576 30

485 3623 580 3686 λις
635 3620 895 3702 Λιβύης,
964 3623 1055 3686 ὡς
1122 3623 1551 3706 Καλλίμαχος,
1603 3622 1929 3688 Ἑκαταῖος
1993 3626 2065 3689 δὲ
2129 3626 2325 3701 νῆςον
2394 3621 2551 3688 οἶδε.
2640 3623 3072 3703 Ἀλάβανδα

484 3722 671 3786 πόλις
730 3721 989 3805 Καρίας,
1053 3722 1093 3800 ἥ
1158 3744 1317 3788 ποτε
1376 3725 1740 3803 Ἀντιόχεια.
1844 3725 2075 3804 ἐκλήθη
2122 3727 2213 3790 -δε
2269 3724 2400 3790 ἀπὸ
2461 3725 2889 3807 Ἀλαβάνδου,
2953 3726 3071 3788 τοῦ

487 3823 804 3907 εὐίππου,
864 3824 955 3889 ὡς
1002 3824 1231 3902 Χάραξ.
1319 3825 1447 3891 ἔςτι
1491 3826 1593 3889 καὶ
1635 3825 1819 3904 ἑτέρα
1865 3826 2051 3892 πόλις
2100 3828 2358 3910 Καρίας,
2403 3820 2518 3908 ἆφ’
2565 3826 2641 3905 ἧς
2685 3827 2724 3906 ἡ
2769 3823 3075 3903 παροιμία

496 3925 884 4005 «Ἀλάβανδα
931 3925 1156 4003 Καρῶν
1203 3926 1620 4005 εὐτυχεςτάτη
1664 3927 1911 3993 πόλις».
2000 3929 2216 4009 κτίςμα
2258 3931 2329 3993 δὲ
2377 3929 2580 4007 Καρὸς
2622 3928 2734 4011 ἦν,
2780 3927 2911 3990 ἀπὸ
2955 3929 3072 3989 τοῦ

487 4026 721 4088 παιδὸς
764 4025 964 4089 αὐτοῦ
995 4028 1287 4103 κληθεῖςα
1319 4032 1436 4092 τοῦ
1480 4030 1901 4105 γεννηθέντος
1931 4028 2061 4094 ἀπὸ
2097 4030 2487 4108 Καλλιρρόης
2527 4033 2641 4107 τῆς
2673 4027 3072 4108 Μαιάνδρου,
3107 4028 3173 4081 35

486 4296 574 4348 Cr.
612 4296 639 4345 I
675 4297 791 4357 222,
829 4298 896 4347 20
929 4296 1001 4350 cf.
1041 4314 1093 4362 p.
1127 4300 1245 4360 272,
1285 4300 1330 4348 1.
1381 4300 1464 4349 De
1503 4297 1704 4362 παρειά
1739 4298 1974 4363 παρειόν
2011 4300 2119 4349 iam
2155 4315 2323 4365 supra
2359 4299 2564 4349 dictum
2600 4304 2723 4365 est„
2840 4299 2875 4349 l.
2914 4302 2946 4350 3
2982 4314 3069 4348 ca-

484 4379 680 4414 nonem
717 4362 850 4413 finxi
885 4381 954 4415 ex
988 4366 1300 4417 nominibus
1336 4382 1370 4416 a
1406 4365 1485 4420 St.
1511 4369 1573 4417 B.
1610 4367 1827 4429 relatiS,
1865 4367 2135 4419 vocabulo
2174 4366 2427 4429 Κάνδυβα
2463 4367 2668 4418 diserte
2706 4366 2957 4416 additum
2984 4372 3069 4416 est

484 4428 825 4494 οὐδετέρως,
865 4432 965 4483 sed
988 4433 1204 4498 reliqua
1231 4434 1423 4497 etiam,
1462 4450 1625 4498 quum
1648 4450 1824 4499 genus
1849 4440 2100 4485 neutrum
2125 4434 2491 4486 orientalibus
2518 4434 2830 4485 nominibus
2854 4435 3067 4484 urbium

484 4505 543 4548 et
567 4504 834 4549 terrarum
859 4501 1090 4551 maxime
1117 4503 1434 4564 conveniat,
1458 4503 1564 4551 huc
1587 4502 1807 4553 trahere
1831 4518 1942 4552 non
1964 4503 2249 4553 dubitavi..
2338 4502 2374 4554 1.
2403 4505 2464 4553 13
2489 4503 2658 4553 etiam
2683 4502 2773 4552 hic
2798 4518 2976 4552 canon
3002 4517 3068 4551 ex

487 4567 566 4616 St.
593 4567 856 4631 Byzantii
890 4570 1177 4620 vocabulis
1212 4585 1245 4619 a
1281 4585 1363 4619 me
1401 4569 1561 4620 fictus
1596 4576 1707 4625 est:
1748 4571 1814 4620 de
1855 4568 2110 4634 Βήςυγγα
2147 4576 2204 4621 et
2237 4569 2474 4632 Αὔςιγδα
2512 4570 2714 4622 diserte
2752 4567 3067 4633 οὐδετέρως

485 4635 893 4699 pronunciatur.
968 4634 1227 4699 Ἠμωδὸν
1264 4653 1331 4686 ex
1368 4638 1523 4690 Eust.
1573 4637 1645 4687 ad
1681 4638 1912 4703 Dionys.
1951 4639 2046 4688 747
2084 4639 2343 4703 apposui,
2390 4653 2553 4702 quum
2601 4654 2667 4688 ex
2704 4636 2786 4688 St.
2822 4640 2888 4690 Β.
2926 4653 3065 4688 sum·

486 4701 661 4765 psisse
701 4703 1006 4754 credendus
1041 4707 1132 4756 sit.
1159 4732 1221 4740 —
1260 4702 1535 4756 Μαλλάδα
1572 4703 1733 4756 πόλις
1757 4703 2005 4770 Περςική
2031 4707 2213 4768 omisi,
2251 4707 2382 4769 quia
2406 4711 2778 4770 paroxytonos
2803 4705 3065 4770 scriptum

487 4773 599 4831 est,
648 4785 976 4835 quamquam
1021 4770 1295 4823 Μάλλαδα
1340 4773 1688 4823 scribendum
1734 4789 1857 4824 esse
1904 4780 1962 4825 et
2005 4789 2101 4839 pro
2150 4778 2346 4825 neutro
2390 4774 2703 4845 habqndum
2747 4775 2966 4825 nomina
3009 4774 3067 4824 in

486 4852 592 4904 αδα
627 4869 660 4903 a
696 4870 780 4905 me
815 4856 1097 4921 proposita
1131 4856 1485 4922 persuadent.
1535 4922 1541 4927 η
