3664 5546
624 342 707 408 28
871 333 880 350 ¹
1559 338 1640 394 ΕΚ
1678 338 1819 393 ΤΩΝ
1863 338 2271 393 ΗΡΩΔΙΑΝΟΥ

619 517 730 593 τῆς
796 511 1201 593 εὐδαιμονίας
1265 514 1376 589 τῆς
1439 511 1652 591 χώρας
1720 509 2120 594 ἐπηρμένους
2186 513 2302 575 τοῦ
2360 514 2400 573 ἃ
2456 508 2544 576 εἰς
2610 512 2684 576 τὸ
2741 514 2774 574 ῖ
2830 508 3202 586 τραπέντος.

622 614 935 682 ὀλίζων’
979 617 1055 680 τὸ
1102 616 1173 680 δὲ
1219 613 1539 680 Ὀλιζών
1594 614 1779 679 πόλις
1825 612 2169 678 Θετταλίας
2222 648 2308 660 --
2363 611 2687 678 Ἑκαταῖος
2743 611 3014 696 Εὐρώπῃ
3063 612 3207 676 «καὶ

621 717 925 784 Πιτύειαν
970 717 1126 796 ἔχον
1171 717 1274 781 καὶ
1317 699 1628 782 Ὀλιζῶνα
1670 718 2012 794 τρηχεῖαν»
2060 712 2170 799 (ΙΙ.
2204 716 2250 779 Β
2296 713 2448 798 717)
2491 749 2578 761 —-
2621 714 2893 780 κλίνεται
2938 714 3044 779 διὰ
3086 717 3204 778 τοῦ

622 842 675 885 ω
721 820 823 885 καὶ
876 818 1167 887 ὀξύνεται
1220 820 1385 898 πρὸς
1439 817 1921 896 ἀντιδιαςτολὴν
1975 821 2091 882 τοῦ
2138 818 2326 883 «λαοὶ
2377 817 2446 882 δ’
2500 817 2619 883 ὑπ’
2663 816 2950 883 ὀλίζονες
3003 815 3202 895 ἦςαν»

530 932 593 982 ’5
624 922 700 1008 (C
740 918 917 1000 519).
977 919 1313 1002 ὠνομάςθη
1359 921 1429 985 δὲ
1475 919 1606 985 ἀπὸ
1652 923 1768 984 τοῦ
1813 920 2000 999 μικρὰ
2046 916 2226 984 εἶναι.
2288 920 2593 986 Θεςςαλοὶ
2635 919 2789 1002 γάρ,
2838 920 2927 984 ὡς
2970 917 3208 998 ἱςτορεῖ

621 1024 1037 1105 Δημοςθένης
1091 1023 1161 1090 ἐν
1217 1022 1466 1105 κτίςεςι,
1522 1022 1599 1086 τὸ
1667 1022 1890 1103 μικρὸν
1945 1020 2164 1088 ὄλιζον
2232 1025 2507 1088 καλοῦςι.
2605 1022 2680 1087 τὸ
2740 1023 2812 1085 δὲ
2869 1020 3205 1100 Ἀμαζὼν

622 1129 752 1207 ἔχει
798 1126 1042 1206 μακρὸν
1086 1127 1160 1191 τὸ
1206 1127 1274 1188 ἃ·
1319 1124 1445 1189 ἔςτι
1492 1126 1562 1189 δὲ
1619 1123 1807 1189 ἔθνος
1852 1126 2217 1200 γυναικεῖον
2262 1126 2424 1204 πρὸς
2482 1130 2574 1208 τῷ
2621 1124 3068 1205 Θερμώδοντι,
3117 1123 3207 1188 ὡς

621 1229 920 1309 Ἔφορος.
1008 1230 1175 1293 τινὲς
1241 1225 1372 1292 ἀπὸ
1427 1231 1544 1291 τοῦ
1603 1225 1959 1304 ἐςτερῆςθαι
2018 1231 2264 1305 μαζῶν·
2333 1226 2645 1292 ἀπίθανος
2715 1227 2787 1291 δὲ
2843 1227 2882 1305 ἡ
2942 1225 3204 1304 τοιαύτη

622 1328 1031 1411 ἐτυμολογία·
1087 1329 1555 1408 Θεμιςταγόρας
1610 1330 1682 1393 δὲ
1725 1329 1836 1393 καὶ·
1882 1328 1952 1394 ἐν
2006 1335 2083 1414 τῇ
2138 1336 2334 1430 χρυῲ
2380 1329 2572 1413 βίβλῳ
2617 1327 2806 1410 φηςίν
2852 1327 2991 1394 «ὅτι
3047 1327 3206 1392 κατὰ

524 1442 590 1494 10
625 1434 740 1512 τὴν
786 1432 1063 1512 Ἀλόπην
1107 1432 1225 1510 τὴν
1268 1435 1387 1497 νῦν
1431 1430 1832 1511 καλουμένην
1878 1430 2109 1497 Λυκίαν
2152 1432 2267 1509 τὴν
2312 1431 2475 1511 πρὸς
2518 1437 2595 1516 τῇ
2626 1431 2866 1516 Ἐφέςῳ
2909 1434 3206 1507 γυναῖκες

623 1534 731 1619 μίᾳ
777 1537 1095 1618 ςυμβουλῇ
1138 1534 1218 1598 τὰ
1262 1533 1496 1613 ςυνήθη
1540 1536 1678 1598 ταῖς
1722 1533 2006 1609 γυναιξὶν
2067 1532 2226 1612 ἔργα
2270 1531 2784 1613 ἀπαρνηςάμεναι
2831 1534 2932 1599 καὶ
2974 1535 3205 1600 ζώναις

622 1637 1002 1717 χρηςάμεναι
1047 1636 1148 1701 καὶ
1192 1635 1519 1716 ὁπλιςμοῖς
1573 1636 1653 1700 τὰ
1695 1641 1828 1701 τῶν
1874 1633 2130 1715 ἀνδρῶν
2174 1635 2385 1702 πάντα
2429 1636 2848 1715 ἐπετήδευον·
2914 1635 3078 1715 πρὸς
3133 1638 3206 1702 δὲ

621 1740 702 1806 τὰ
743 1738 910 1804 ἄλλα
953 1739 1056 1804 καὶ
1096 1738 1276 1818 ἤμων
1322 1739 1434 1804 ςὺν
1479 1738 1700 1804 αὐταῖς
1744 1739 2006 1820 ζώναις,
2050 1738 2089 1804 ὅ
2134 1737 2297 1803 ἐςτιν
2343 1737 2643 1833 ἐθέριζον.
2716 1739 2822 1803 διὰ
2864 1742 3058 1804 τοῦτο
3104 1739 3207 1804 καὶ

621 1842 970 1922 Ἀμαζόνας
1013 1844 1339 1919 κεκλῆςθαι
1383 1840 1498 1906 τὰς
1541 1841 1654 1907 ςὺν
1697 1843 1837 1905 ταῖς
1867 1841 2097 1907 ζώναις
2129 1839 2405 1919 ἀμώςαις
2420 1864 2465 1904 ».
2526 1822 2585 1920 ἢ·
2611 1839 2709 1906 ὅτι
2753 1841 2869 1907 τὸν
2913 1839 3031 1905 ἕνα
3071 1844 3204 1906 τῶν

527 1955 588 2007 15
626 1949 840 2024 μαζῶν
885 1943 1102 2009 ἔκαιον
1147 1943 1332 2022 χάριν
1376 1945 1494 2008 τοῦ
1538 1943 1820 2010 τοξεύειν
1866 1943 1906 2021 ἢ
1937 1942 2036 2009 ὅτι
2068 1942 2286 2023 μάζαις
2327 1941 2446 2007 οὐκ
2476 1942 2762 2022 ἐχρῶντο
2776 1992 2794 2026 ,
2839 1941 2991 2007 ἀλλ’
3021 1942 3205 2022 ὄφεςι

624 2047 727 2111 καὶ
769 2046 1092 2125 ςκορπίοις
1146 2047 1250 2110 καὶ
1294 2045 1550 2124 ςαύραις
1607 2046 1711 2109 καὶ
1766 2045 2091 2124 χελώναις.
2167 2043 2230 2109 οἱ
2286 2045 2357 2109 δὲ
2414 2042 2545 2110 ἀπὸ
2603 2045 2838 2124 μητρὸς
2883 2044 3203 2125 Ἀμαζοῦς.

626 2150 874 2225 λέγεται
919 2149 990 2213 δὲ
1034 2148 1138 2212 καὶ
1181 2148 1464 2227 Ἀμαζών
1509 2147 1853 2228 ἀρςενικῶς
1911 2147 2002 2212 ώς
2045 2145 2221 2225 παρὰ
2268 2146 2645 2231 Καλλιμάχῳ
2693 2146 2823 2212 «ἵν’
2868 2146 3205 2225 Ἀμαζόνες

623 2250 853 2330 ἄνδρες
897 2250 1085 2317 ἔωςιν
1102 2275 1146 2314 ».
1233 2251 1309 2316 τὸ
1355 2252 1426 2315 δὲ
1471 2249 1786 2317 ἀλαζών
1831 2249 1871 2315 6
1916 2249 2333 2329 ὑπερήφανος
2378 2249 2620 2328 μακρὸν
2664 2249 2821 2328 ἔχον
2852 2249 2927 2313 τὸ
2975 2253 3017 2313 ἇ
3060 2248 3204 2315 ὀξύ-

624 2372 827 2419 νεται·
871 2353 947 2422 τὸ
993 2355 1065 2418 δὲ
1109 2351 1214 2417 ἐπὶ
1267 2351 1495 2418 ἔθνους
1549 2352 1794 2433 ὁμόρου
1852 2354 1988 2418 τοῖς
2033 2351 2295 2417 (κύθαις
2348 2350 2653 2433 φυλάττει
2707 2353 2784 2417 τὸ
2829 2353 2884 2417 ’ὧ
2939 2352 3010 2419 ἐν
3067 2354 3205 2416 ταῖς

522 2464 591 2514 20
626 2455 918 2532 πλαγίαις
960 2456 1124 2535 πρὸς
1166 2453 1664 2534 ἀντιδιαςτολήν.

794 2558 887 2623 Τὰ
931 2557 1018 2622 εἰς
1061 2543 1196 2625 &Tu—v
1242 2558 1586 2638 διςύλλαβα
1628 2557 1925 2637 ἀρςενικὰ
1983 2556 2349 2639 βαρύνεται,
2393 2555 2592 2623 ὁπότε
2637 2557 2717 2635 μὴ
2763 2556 2980 2621 ἐθνικὰ
3024 2556 3120 2636 εἴη
3164 2557 3204 2635 ἢ

624 2660 1010 2742 περιεκτικά,
1057 2661 1351 2743 μόθων,
1397 2659 1570 2725 οὕτω
1613 2659 1735 2739 γὰρ
1796 2660 1860 2724 οἱ
1902 2659 2383 2740 Λακεδαιμόνιοι
2440 2661 2555 2725 τὸν
2610 2658 2906 2737 οἰκογενῆ
2962 2662 3203 2723 δοῦλον

623 2765 954 2844 καλοῦςιν,
1001 2761 1064 2827 οἱ
1108 2764 1179 2828 δὲ
1225 2763 1545 2842 Ἀθηναῖοι
1591 2762 1913 2844 οἰκότριβά
1955 2784 2140 2846 φαςι,
2187 2760 2464 2843 ςημαίνει
2511 2761 2582 2827 δὲ
2613 2762 2714 2826 καὶ
2743 2759 2918 2826 εἶδος
2949 2759 3206 2840 αίςχρᾶς

624 2866 726 2930 καὶ
770 2864 1103 2944 ἀπρεποῦς
1146 2864 1498 2949 ὀρχήςεως,
1541 2866 1825 2949 Ὄθων,
1873 2866 2161 2930 Μάθων
2208 2864 2245 2929 6
2290 2865 2600 2946 Θηβαῖος,
2645 2863 2895 2928 πίθων
2941 2863 2979 2927 6
3023 2864 3203 2943 πίθη-

522 2977 734 3033 25.κος
780 2968 1303 3050 ὑποκοριςτικῶς,
1359 2967 1719 3052 Ῥίνθων,
1776 2967 2054 3049 αἴθων,
2102 2966 2406 3049 ῥώθων,
2466 2966 2734 3031 κώθων
2788 2963 2963 3031 εἶδος
3009 2986 3204 3044 ποτη-

624 3070 765 3148 ρίου
810 3070 914 3134 καὶ
955 3071 1030 3135 τὸ
1077 3070 1147 3135 ἐν
1191 3077 1268 3154 τῇ
1314 3071 1606 3154 ςυνηθείᾳ
1662 3070 1778 3150 ἐφ’
1821 3070 1994 3150 ὕβρει
2042 3069 2394 3147 λεγόμενον
2450 3070 2554 3133 καὶ
2608 3072 2797 3147 νῆςος
2854 3068 2934 3139 οὐ
2979 3068 3205 3147 πόρρω

629 3172 949 3251 Κυθήρων.
1038 3159 1511 3250 Ἀρτεμίδωρος.
1611 3172 1925 3252 μάλθων
1983 3171 2021 3235 6
2077 3170 2410 3250 μαλθακός.
2498 3171 2783 3236 Πύθων
2839 3170 2876 3234 6
2931 3169 3204 3248 δράκων.

626 3497 662 3548 l.
691 3500 717 3547 l
755 3493 1070 3560 τραπέντος
1107 3511 1177 3545 ex
1211 3496 1312 3559 Ep.
1357 3496 1538 3553 Hom,
1560 3497 1649 3557 78,
1684 3496 1780 3559 25,
1813 3498 1910 3548 ubi
1955 3495 2250 3560 originatio
2293 3496 2496 3548 clarius
2539 3513 2701 3563 quam
2742 3514 2830 3563 ap.
2863 3496 3051 3563 Steph.
3090 3513 3208 3562 pro·

626 3565 821 3615 fertur.
892 3562 1242 3615 Herodianus
1279 3564 1424 3613 enim
1468 3580 1577 3614 non
1622 3564 1838 3629 accepit
1882 3564 2248 3629 Epaphroditi
2292 3566 2650 3629 sententiam,
2698 3566 2792 3618 sed
2840 3570 2897 3617 et
2937 3581 3060 3615 mon
3106 3563 3206 3616 ἃλς

628 3633 1008 3699 praeoptavit,
1054 3636 1117 3680 ut
1171 3630 1420 3682 concludi
1464 3637 1653 3697 potest
1699 3649 1764 3683 ex
1808 3633 1875 3684 11.
1918 3633 2008 3683 Pr.
2055 3630 2092 3684 Ε
2137 3635 2203 3683 39
2255 3632 2558 3686 δαςυντέον
2609 3633 2679 3685 τὸ
2723 3634 2869 3686 Ἁλιζ
2924 3647 3058 3683 νων.
3137 3631 3205 3683 οὐ

627 3699 806 3763 (οὕτω
833 3699 1036 3763 Bekk.)
1062 3697 1168 3762 γὰρ
1194 3698 1548 3763 ίςτοροῡνται
1579 3698 1890 3763 λεγόμενοι.
2004 3700 2040 3750 l.
2059 3704 2089 3750 2
2118 3698 2353 3754 Ὀλιζών
2377 3702 2565 3753 addidi
2588 3719 2707 3753 cum
2732 3703 2829 3765 iis,
2858 3717 2999 3766 quae
3027 3702 3204 3753 refert

628 3768 707 3819 St.
745 3770 808 3819 B.
844 3784 887 3819 s.
926 3785 994 3818 v.:
1033 3767 1103 3817 ef.
1140 3768 1203 3819 11.
1239 3768 1328 3817 Pr.
1368 3767 1407 3819 Β
1446 3771 1569 3818 717ι
1612 3767 1885 3822 Ὀλιζῶνα
1932 3768 2488 3833 προπεριςπωμὲνως
2535 3768 2614 3821 ὡς
2650 3769 2943 3822 Μεδεῶνά.
3018 3766 3206 3821 Νικίας

625 3835 686 3888 δὲ
722 3835 827 3887 οὐκ
865 3834 927 3888 εὖ
965 3833 1169 3900 γράφει
1207 3833 1481 3889 Ὀλίζωνα
1516 3834 1595 3887 ὡς
1631 3834 1935 3901 περίζωμα.
2090 3837 2129 3891 l.
2167 3839 2198 3887 6
2237 3835 2518 3902 Ἀμαζὼν,
2559 3839 2646 3888 cui
2682 3844 2907 3904 propter
2941 3854 3205 3888 canonem

626 3904 739 3968 ἔχει
777 3903 990 3968 μακρὸν
1026 3903 1095 3955 τὸ
1132 3907 1167 3955 ἃ
1204 3904 1388 3955 addidi
1424 3909 1488 3954 ιιι
1533 3911 1731 3970 postea
1772 3907 1896 3956 voci
1942 3902 2167 3957 ἀλαζών
2212 3906 2426 3971 μακρὸν
2462 3905 2593 3970 ἔχον
2627 3906 2697 3958 τὸ
2734 3909 2795 3969 ii,
2845 3922 2911 3957 ex
2958 3906 3207 3957 fontibus

626 3988 794 4039 snpra
830 3973 1127 4024 nominatis
1164 3973 1366 4035 adieci,
1405 3974 1575 4024 verba
1611 3989 1784 4039 usque
1819 3974 1890 4024 ad
1926 3971 2168 4037 Ἔφορος
2211 3974 2246 4024 1.
2283 3978 2315 4027 8
2351 3992 2418 4026 ex
2457 3975 2538 4025 St.
2576 3977 2637 4025 B.
2675 3974 2823 4026 τινὲς
2871 3973 3037 4039 (quod
3083 3990 3206 4040 pro-

625 4046 752 4106 pter
794 4041 1129 4091 sententiam
1174 4040 1382 4103 addidi)
1428 4038 1545 4092 ἀπὸ
1596 4043 1700 4092 τοῦ
1756 4041 1914 4106 ἑςτερ
1957 4042 2076 4093 ςθαι
2127 4057 2303 4108 usquo
2357 4044 2427 4094 ad
2477 4041 2744 4105 Ἀμαζοῦς
2800 4043 2837 4096 l.
2872 4044 2936 4093 16
2990 4058 3057 4092 ex
3102 4044 3210 4106 Ep.⁴

625 4110 785 4159 Hom.
822 4111 916 4171 80,
951 4112 984 4159 8
1031 4107 1129 4169 (cf.
1167 4110 1227 4161 E.
1264 4109 1338 4159 M.
1380 4111 1471 4171 75,
1507 4108 1616 4176 45),
1655 4110 1785 4161 inde
1822 4126 1858 4161 a
1894 4110 1926 4161 λ
1960 4124 2117 4172 γεται
2154 4139 2219 4146 -
2257 4111 2460 4165 ἔωςιν»
2507 4110 2562 4171 (1.
2605 4110 2688 4176 18)
2729 4126 2796 4161 ex
2832 4110 3083 4176 Theogn.
3120 4112 3204 4173 38,

623 4179 708 4240 21,
745 4177 835 4227 cui
871 4176 1073 4226 similia
1110 4175 1278 4259 δίψει
1312 4178 1494 4260 etia-nm·
1519 4178 1601 4259 ξι.
1626 4180 1687 4229 Β.
1825 4179 1863 4231 l.
1889 4180 1952 4229 19
1989 4176 2201 4263 ὁμόρου
2237 4182 2356 4231 τοῖς
2393 4178 2626 4243 (κύθαις
2664 4196 2731 4231 ex
2768 4179 2851 4229 St.
2875 4179 2940 4229 Β.
2981 4184 3042 4228 et
3078 4179 3114 4229 l.
3140 4181 3207 4229 20

626 4243 1897 4380 Ἦὲιίιὲἔτὲῖἶαῗὲοέᾞ.ῗῖέἐῖῗιὲρῗὲοεῗέᾼέ
1905 4263 1997 4365 '13'
2020 4244 2878 4381 ρῗὲξιώέἑαῖιῖΐὲεέιῗῗὲξὲἔ
2892 4244 3208 4365 1'2‘3'15120‘225

626 4385 684 4431 et
720 4381 847 4432 inde
883 4377 1148 4443 Φαμιζών
1183 4388 1493 4448 corruptum
1530 4399 1653 4434 esse
1692 4384 1889 4449 possit.
2035 4384 2071 4437 l.
2109 4386 2173 4433 22
2212 4381 2423 4448 μόθων,
2461 4388 2524 4433 ιιι
2560 4383 2822 4434 Schmidt.
2860 4399 2956 4448 pro
2994 4380 3206 4445 μώθων

627 4449 968 4511 emendavit,
1025 4449 1242 4514 explevi
1289 4468 1356 4501 ex
1401 4451 1598 4502 Choer.
1634 4453 1760 4515 287,
1799 4455 1894 4513 22;
1940 4450 2136 4502 Ὄθων
2182 4469 2277 4517 pro
2323 4450 2493 4504 ὤθων
2539 4467 2639 4504 ser.
2688 4451 2948 4502 Schmidt.
2997 4447 3206 4515 ῥώθων

625 4518 861 4569 accessit
906 4533 974 4568 ex
1011 4517 1259 4582 Theogn.
1306 4522 1398 4581 33,
1435 4521 1527 4581 28,
1576 4517 1784 4571 κώθων
1828 4537 1896 4571 ex
1934 4519 2127 4571 Choer.
2167 4522 2257 4583 77,
2293 4522 2384 4583 28,
2433 4521 2599 4584 νῆςος
2636 4536 2703 4570 ex
2740 4521 2822 4570 St.
2859 4522 2921 4573 B.
2956 4521 3082 4582 400,
3123 4522 3205 4581 12,

625 4583 860 4655 μάλθων
896 4601 964 4635 ex
999 4582 1216 4649 Choer„
1253 4584 1468 4637 Πύθων
1505 4586 1538 4638 6
1573 4586 1799 4652 δράκων
1845 4604 1911 4639 ex
1946 4588 2012 4639 E.
2053 4590 2126 4640 M.
2164 4589 2288 4651 696,
2327 4590 2418 4640 28:
2465 4585 2680 4639 Πυθών
2717 4585 3064 4649 ὁξυνόμενον
3102 4585 3204 4650 μὲν

627 4653 718 4705 καί
754 4653 1003 4718 θηλυκὸν
1040 4653 1072 4705 6
1107 4653 1314 4736 τόπος,
1353 4653 1735 4719 βαρυνόμενον
1771 4655 1832 4707 δὲ
1870 4656 1959 4706 καὶ
1995 4655 2287 4720 ἀρςενικὸν
2324 4655 2356 4706 ὁ
2391 4656 2422 4707 δ
2458 4654 2641 4717 ἀκων;
2693 4657 2761 4706 ad
2799 4653 2982 4708 (ιθών
3019 4654 3205 4706 addidi

627 4727 865 4842 {33:32
891 4722 1140 4843 ⁸¹:333&
1143 4723 1961 4856 “fissssussfig’ssssyffffrffisspiaffi‘
1973 4725 2347 4843 1,¹{;1‚.4?231’A}.²
2358 4721 2591 4844 16έῖῗὲ
2616 4722 3029 4847 3322szssssss
3033 4721 3203 4842 Ἱζὲξε

627 4859 889 4924 scriptum
926 4865 1011 4911 est
1046 4874 1135 4925 ap.
1172 4860 1369 4915 Choer.
1406 4866 1465 4912 οι
1500 4861 1752 4928 Theogn.
1797 4888 1860 4898 —
1906 4861 1991 4911 Ex
2026 4860 2256 4912 Philam.
2293 4877 2345 4927 p.
2383 4862 2416 4914 8
2451 4877 2532 4917 nr.
2568 4862 2626 4926 8,
2673 4861 2770 4926 qui
2812 4860 2944 4912 item
2991 4876 3059 4912 ex
3096 4859 3205 4910 He-
