<?xml version="1.0" encoding="UTF-8"?>
<!DOCTYPE html PUBLIC "-//W3C//DTD XHTML 1.0 Transitional//EN"
    "http://www.w3.org/TR/xhtml1/DTD/xhtml1-transitional.dtd">
<html xmlns="http://www.w3.org/1999/xhtml" xml:lang="en" lang="en">
 <head>
  <title>
</title>
<meta http-equiv="Content-Type" content="text/html;charset=utf-8" />
  <meta name='ocr-system' content='tesseract 3.04.00' />
  <meta name='ocr-capabilities' content='ocr_page ocr_carea ocr_par ocr_line ocrx_word'/>
</head>
<body>
  <div class='ocr_page' id='page_1' title='image "./grammaticigraec02unkngoog_0481.png"; bbox 0 0 3664 5546; ppageno 0'>
   <div class='ocr_carea' id='block_1_1' title="bbox 1224 390 3065 457">
    <p class='ocr_par' dir='ltr' id='par_1_1' title="bbox 1224 390 3065 457">
     <span class='ocr_line' id='line_1_1' title="bbox 1224 390 3065 457; baseline 0.001 -4"><span class='ocrx_word' id='word_1_1' title='bbox 1224 398 1381 453; x_wconf 89' lang='grc' dir='ltr'>ΠΕΡΙ</span> <span class='ocrx_word' id='word_1_2' title='bbox 1423 396 1812 452; x_wconf 80' lang='grc' dir='ltr'>ΚΑΘΟΛΙΚΗ(</span> <span class='ocrx_word' id='word_1_3' title='bbox 1852 393 2271 450; x_wconf 76' lang='grc' dir='ltr'>ΠΡΟΕΩιΔΙΑ(</span> <span class='ocrx_word' id='word_1_4' title='bbox 2320 395 2350 447; x_wconf 93' lang='grc' dir='ltr'>Ι.</span> <span class='ocrx_word' id='word_1_5' title='bbox 2940 390 3065 457; x_wconf 80' lang='grc'>235</span> 
     </span>
    </p>
   </div>
   <div class='ocr_carea' id='block_1_2' title="bbox 434 563 3234 2393">
    <p class='ocr_par' dir='ltr' id='par_1_2' title="bbox 434 563 3234 2393">
     <span class='ocr_line' id='line_1_2' title="bbox 498 563 3064 653; baseline -0.004 -14"><span class='ocrx_word' id='word_1_6' title='bbox 498 575 655 639; x_wconf 86' lang='grc' dir='ltr'>ὥςτε</span> <span class='ocrx_word' id='word_1_7' title='bbox 700 573 1026 653; x_wconf 84' lang='grc' dir='ltr'>διαφέρειν</span> <span class='ocrx_word' id='word_1_8' title='bbox 1079 572 1169 636; x_wconf 85' lang='grc' dir='ltr'>τὸ·</span> <span class='ocrx_word' id='word_1_9' title='bbox 1211 570 1631 651; x_wconf 71' lang='grc' dir='ltr'>λιθοβόλος</span> <span class='ocrx_word' id='word_1_10' title='bbox 1683 573 1800 634; x_wconf 86' lang='grc' dir='ltr'>τοῦ</span> <span class='ocrx_word' id='word_1_11' title='bbox 1858 568 2276 647; x_wconf 92' lang='grc' dir='ltr'>λιθόβολος</span> <span class='ocrx_word' id='word_1_12' title='bbox 2335 566 2435 630; x_wconf 86' lang='grc' dir='ltr'>καὶ</span> <span class='ocrx_word' id='word_1_13' title='bbox 2487 566 2562 629; x_wconf 91' lang='grc' dir='ltr'>τό</span> <span class='ocrx_word' id='word_1_14' title='bbox 2619 563 3064 643; x_wconf 90' lang='grc' dir='ltr'>καρατόμος</span> 
     </span>
     <span class='ocr_line' id='line_1_3' title="bbox 497 665 3065 755; baseline -0.004 -13"><span class='ocrx_word' id='word_1_15' title='bbox 497 681 613 742; x_wconf 85' lang='grc' dir='ltr'>τοῦ</span> <span class='ocrx_word' id='word_1_16' title='bbox 659 675 1120 755; x_wconf 87' lang='grc' dir='ltr'>καράτομος.</span> <span class='ocrx_word' id='word_1_17' title='bbox 1206 673 1281 738; x_wconf 86' lang='grc' dir='ltr'>τὸ</span> <span class='ocrx_word' id='word_1_18' title='bbox 1327 674 1440 753; x_wconf 80' lang='grc' dir='ltr'>μὲν</span> <span class='ocrx_word' id='word_1_19' title='bbox 1484 673 1606 751; x_wconf 86' lang='grc' dir='ltr'>γὰρ</span> <span class='ocrx_word' id='word_1_20' title='bbox 1650 670 2175 751; x_wconf 86' lang='grc' dir='ltr'>παροξυνόμενον</span> <span class='ocrx_word' id='word_1_21' title='bbox 2222 667 2498 748; x_wconf 93' lang='grc' dir='ltr'>ςημαίνει</span> <span class='ocrx_word' id='word_1_22' title='bbox 2551 668 2667 732; x_wconf 92' lang='grc' dir='ltr'>τὸν</span> <span class='ocrx_word' id='word_1_23' title='bbox 2711 666 2824 731; x_wconf 87' lang='grc' dir='ltr'>τὰς</span> <span class='ocrx_word' id='word_1_24' title='bbox 2869 665 3065 745; x_wconf 87' lang='grc' dir='ltr'>κάρας</span> 
     </span>
     <span class='ocr_line' id='line_1_4' title="bbox 496 769 3063 858; baseline -0.004 -14"><span class='ocrx_word' id='word_1_25' title='bbox 496 780 810 858; x_wconf 83' lang='grc' dir='ltr'>τέμνοντα</span> <span class='ocrx_word' id='word_1_26' title='bbox 865 776 1008 842; x_wconf 81' lang='grc' dir='ltr'>οἷον</span> <span class='ocrx_word' id='word_1_27' title='bbox 1062 776 1167 840; x_wconf 80' lang='grc' dir='ltr'>ἐπὶ</span> <span class='ocrx_word' id='word_1_28' title='bbox 1221 774 1475 857; x_wconf 78' lang='grc' dir='ltr'>δημίου,</span> <span class='ocrx_word' id='word_1_29' title='bbox 1539 774 1614 839; x_wconf 87' lang='grc' dir='ltr'>τὸ</span> <span class='ocrx_word' id='word_1_30' title='bbox 1671 775 1743 839; x_wconf 81' lang='grc' dir='ltr'>δὲ</span> <span class='ocrx_word' id='word_1_31' title='bbox 1797 770 2452 851; x_wconf 87' lang='grc' dir='ltr'>προπαροξυνόμενον</span> <span class='ocrx_word' id='word_1_32' title='bbox 2506 771 2622 834; x_wconf 89' lang='grc' dir='ltr'>τὸν</span> <span class='ocrx_word' id='word_1_33' title='bbox 2684 770 2800 848; x_wconf 86' lang='grc' dir='ltr'>τὴν</span> <span class='ocrx_word' id='word_1_34' title='bbox 2864 769 3063 849; x_wconf 88' lang='grc' dir='ltr'>κάραν</span> 
     </span>
     <span class='ocr_line' id='line_1_5' title="bbox 496 870 3234 961; baseline -0.004 -15"><span class='ocrx_word' id='word_1_35' title='bbox 496 881 835 961; x_wconf 86' lang='grc' dir='ltr'>τμηθέντα,</span> <span class='ocrx_word' id='word_1_36' title='bbox 905 878 996 943; x_wconf 81' lang='grc' dir='ltr'>ὡς</span> <span class='ocrx_word' id='word_1_37' title='bbox 1050 879 1090 957; x_wconf 88' lang='grc' dir='ltr'>ἡ</span> <span class='ocrx_word' id='word_1_38' title='bbox 1148 878 1261 958; x_wconf 80' lang='grc' dir='ltr'>μὲν</span> <span class='ocrx_word' id='word_1_39' title='bbox 1320 877 1538 956; x_wconf 85' lang='grc' dir='ltr'>Γοργώ</span> <span class='ocrx_word' id='word_1_40' title='bbox 1594 876 1842 952; x_wconf 89' lang='grc' dir='ltr'>λέγεται</span> <span class='ocrx_word' id='word_1_41' title='bbox 1898 875 2256 954; x_wconf 86' lang='grc' dir='ltr'>καράτομος</span> <span class='ocrx_word' id='word_1_42' title='bbox 2322 872 2412 938; x_wconf 81' lang='grc' dir='ltr'>ὡς</span> <span class='ocrx_word' id='word_1_43' title='bbox 2465 870 2892 950; x_wconf 87' lang='grc' dir='ltr'>ἀποτμηθεῖςα</span> <span class='ocrx_word' id='word_1_44' title='bbox 2949 872 3064 950; x_wconf 88' lang='grc' dir='ltr'>τὴν</span> <span class='ocrx_word' id='word_1_45' title='bbox 3228 944 3234 957; x_wconf 51' lang='grc'>,</span> 
     </span>
     <span class='ocr_line' id='line_1_6' title="bbox 496 973 3128 1068; baseline -0.004 -20"><span class='ocrx_word' id='word_1_46' title='bbox 496 983 785 1068; x_wconf 73' lang='grc' dir='ltr'>κεφαλήν</span> <span class='ocrx_word' id='word_1_47' title='bbox 808 1033 826 1064; x_wconf 94' lang='grc'>,</span> <span class='ocrx_word' id='word_1_48' title='bbox 871 981 908 1046; x_wconf 99' lang='lat'>6</span> <span class='ocrx_word' id='word_1_49' title='bbox 954 982 1025 1046; x_wconf 80' lang='grc' dir='ltr'>δὲ</span> <span class='ocrx_word' id='word_1_50' title='bbox 1067 979 1349 1058; x_wconf 88' lang='grc' dir='ltr'>Περςεύς</span> <span class='ocrx_word' id='word_1_51' title='bbox 1394 979 1751 1059; x_wconf 91' lang='grc' dir='ltr'>καρατόμος</span> <span class='ocrx_word' id='word_1_52' title='bbox 1795 977 1832 1042; x_wconf 99' lang='lat'>6</span> <span class='ocrx_word' id='word_1_53' title='bbox 1877 980 1988 1055; x_wconf 86' lang='grc' dir='ltr'>τῆς</span> <span class='ocrx_word' id='word_1_54' title='bbox 2030 977 2308 1054; x_wconf 83' lang='grc' dir='ltr'>Γοργούς</span> <span class='ocrx_word' id='word_1_55' title='bbox 2349 976 2465 1054; x_wconf 87' lang='grc' dir='ltr'>τὴν</span> <span class='ocrx_word' id='word_1_56' title='bbox 2508 974 2796 1053; x_wconf 87' lang='grc' dir='ltr'>κεφαλὴν</span> <span class='ocrx_word' id='word_1_57' title='bbox 2839 973 3065 1053; x_wconf 89' lang='grc' dir='ltr'>τεμών.</span> <span class='ocrx_word' id='word_1_58' title='bbox 3095 988 3128 1037; x_wconf 82' lang='lat'>5</span> 
     </span>
     <span class='ocr_line' id='line_1_7' title="bbox 501 1076 3068 1161; baseline -0.004 -10"><span class='ocrx_word' id='word_1_59' title='bbox 501 1085 800 1151; x_wconf 86' lang='grc' dir='ltr'>ὡςαύτως</span> <span class='ocrx_word' id='word_1_60' title='bbox 842 1083 918 1148; x_wconf 88' lang='grc' dir='ltr'>τὸ</span> <span class='ocrx_word' id='word_1_61' title='bbox 962 1081 1473 1161; x_wconf 89' lang='grc' dir='ltr'>πρωτοτόκος</span> <span class='ocrx_word' id='word_1_62' title='bbox 1517 1082 1641 1146; x_wconf 89' lang='grc' dir='ltr'>ἐςτὶ</span> <span class='ocrx_word' id='word_1_63' title='bbox 1684 1079 2045 1159; x_wconf 89' lang='grc' dir='ltr'>δραςτικόν,</span> <span class='ocrx_word' id='word_1_64' title='bbox 2088 1079 2164 1143; x_wconf 85' lang='grc' dir='ltr'>τὸ</span> <span class='ocrx_word' id='word_1_65' title='bbox 2210 1079 2281 1142; x_wconf 83' lang='grc' dir='ltr'>δὲ</span> <span class='ocrx_word' id='word_1_66' title='bbox 2325 1076 2836 1156; x_wconf 87' lang='grc' dir='ltr'>πρωτότοκος</span> <span class='ocrx_word' id='word_1_67' title='bbox 2880 1079 3068 1155; x_wconf 87' lang='grc' dir='ltr'>δηλοῖ</span> 
     </span>
     <span class='ocr_line' id='line_1_8' title="bbox 496 1178 3067 1267; baseline -0.004 -16"><span class='ocrx_word' id='word_1_68' title='bbox 496 1189 611 1267; x_wconf 86' lang='grc' dir='ltr'>τὴν</span> <span class='ocrx_word' id='word_1_69' title='bbox 665 1186 937 1266; x_wconf 83' lang='grc' dir='ltr'>πρώτως</span> <span class='ocrx_word' id='word_1_70' title='bbox 999 1186 1340 1264; x_wconf 79' lang='grc' dir='ltr'>τεχθεῖςαν.</span> <span class='ocrx_word' id='word_1_71' title='bbox 1440 1182 1643 1248; x_wconf 86' lang='grc' dir='ltr'>οὕτως</span> <span class='ocrx_word' id='word_1_72' title='bbox 1709 1181 1828 1247; x_wconf 84' lang='grc' dir='ltr'>οὖν</span> <span class='ocrx_word' id='word_1_73' title='bbox 1895 1179 2365 1260; x_wconf 89' lang='grc' dir='ltr'>παροξύνονται</span> <span class='ocrx_word' id='word_1_74' title='bbox 2422 1180 2497 1244; x_wconf 91' lang='grc' dir='ltr'>τὸ</span> <span class='ocrx_word' id='word_1_75' title='bbox 2556 1178 3067 1262; x_wconf 88' lang='grc' dir='ltr'>ςκυτοτόμος,</span> 
     </span>
     <span class='ocr_line' id='line_1_9' title="bbox 498 1280 3067 1370; baseline -0.004 -16"><span class='ocrx_word' id='word_1_76' title='bbox 498 1288 958 1370; x_wconf 87' lang='grc' dir='ltr'>μιαιφόνος,</span> <span class='ocrx_word' id='word_1_77' title='bbox 1000 1285 1521 1369; x_wconf 85' lang='grc' dir='ltr'>τοιχωρύχος,</span> <span class='ocrx_word' id='word_1_78' title='bbox 1552 1283 2131 1365; x_wconf 87' lang='grc' dir='ltr'>πατροκτόνος,</span> <span class='ocrx_word' id='word_1_79' title='bbox 2177 1281 2638 1363; x_wconf 87' lang='grc' dir='ltr'>οἰκονόμος,</span> <span class='ocrx_word' id='word_1_80' title='bbox 2683 1280 3067 1360; x_wconf 92' lang='grc' dir='ltr'>μογοςτό-</span> 
     </span>
     <span class='ocr_line' id='line_1_10' title="bbox 498 1382 3067 1473; baseline -0.003 -18"><span class='ocrx_word' id='word_1_81' title='bbox 498 1412 661 1473; x_wconf 95' lang='grc' dir='ltr'>κος,</span> <span class='ocrx_word' id='word_1_82' title='bbox 719 1389 1131 1470; x_wconf 89' lang='grc' dir='ltr'>θεοτόκος,</span> <span class='ocrx_word' id='word_1_83' title='bbox 1187 1387 1677 1469; x_wconf 84' lang='grc' dir='ltr'>ξεινοδόκος,</span> <span class='ocrx_word' id='word_1_84' title='bbox 1735 1385 2055 1465; x_wconf 87' lang='grc' dir='ltr'>ἰηδόκος</span> <span class='ocrx_word' id='word_1_85' title='bbox 2108 1383 2547 1464; x_wconf 86' lang='grc' dir='ltr'>ςυντεθειμένα</span> <span class='ocrx_word' id='word_1_86' title='bbox 2602 1382 2733 1448; x_wconf 90' lang='grc' dir='ltr'>ἀπὸ</span> <span class='ocrx_word' id='word_1_87' title='bbox 2783 1387 2901 1448; x_wconf 87' lang='grc' dir='ltr'>τοῦ</span> <span class='ocrx_word' id='word_1_88' title='bbox 2944 1383 3067 1448; x_wconf 84' lang='grc' dir='ltr'>τέ-</span> 
     </span>
     <span class='ocr_line' id='line_1_11' title="bbox 498 1485 3172 1575; baseline -0.005 -17"><span class='ocrx_word' id='word_1_89' title='bbox 498 1513 691 1575; x_wconf 92' lang='grc' dir='ltr'>μνω,</span> <span class='ocrx_word' id='word_1_90' title='bbox 757 1491 1108 1572; x_wconf 89' lang='grc' dir='ltr'>φονεύω,</span> <span class='ocrx_word' id='word_1_91' title='bbox 1174 1489 1501 1573; x_wconf 89' lang='grc' dir='ltr'>ὀρύςςω,</span> <span class='ocrx_word' id='word_1_92' title='bbox 1565 1488 1873 1571; x_wconf 65' lang='grc' dir='ltr'>κτείνω,</span> <span class='ocrx_word' id='word_1_93' title='bbox 1940 1488 2173 1570; x_wconf 86' lang='grc' dir='ltr'>νέμω,</span> <span class='ocrx_word' id='word_1_94' title='bbox 2239 1487 2500 1568; x_wconf 88' lang='grc' dir='ltr'>τίκτω,</span> <span class='ocrx_word' id='word_1_95' title='bbox 2566 1485 2898 1565; x_wconf 86' lang='grc' dir='ltr'>δέχομαι</span> <span class='ocrx_word' id='word_1_96' title='bbox 2966 1485 3070 1550; x_wconf 86' lang='grc' dir='ltr'>ἐπὶ</span> <span class='ocrx_word' id='word_1_97' title='bbox 3105 1494 3172 1545; x_wconf 86' lang='lat'>10</span> 
     </span>
     <span class='ocr_line' id='line_1_12' title="bbox 501 1586 3068 1673; baseline -0.002 -14"><span class='ocrx_word' id='word_1_98' title='bbox 501 1594 820 1673; x_wconf 78' lang='grc' dir='ltr'>ἐνεργείας</span> <span class='ocrx_word' id='word_1_99' title='bbox 872 1593 1177 1673; x_wconf 89' lang='grc' dir='ltr'>τιθέμενα.</span> <span class='ocrx_word' id='word_1_100' title='bbox 1275 1592 1518 1672; x_wconf 85' lang='grc' dir='ltr'>ἔφαμεν</span> <span class='ocrx_word' id='word_1_101' title='bbox 1574 1593 1646 1656; x_wconf 82' lang='grc' dir='ltr'>δὲ</span> <span class='ocrx_word' id='word_1_102' title='bbox 1709 1591 1788 1655; x_wconf 85' lang='grc' dir='ltr'>τὰ</span> <span class='ocrx_word' id='word_1_103' title='bbox 1840 1593 2103 1665; x_wconf 79' lang='grc' dir='ltr'>τοιαῦτα</span> <span class='ocrx_word' id='word_1_104' title='bbox 2164 1592 2295 1654; x_wconf 83' lang='grc' dir='ltr'>τῶν</span> <span class='ocrx_word' id='word_1_105' title='bbox 2362 1587 2678 1653; x_wconf 84' lang='grc' dir='ltr'>ςυνθέτων</span> <span class='ocrx_word' id='word_1_106' title='bbox 2744 1586 3068 1666; x_wconf 81' lang='grc' dir='ltr'>ἐνέργειαν</span> 
     </span>
     <span class='ocr_line' id='line_1_13' title="bbox 502 1688 3066 1776; baseline -0.003 -15"><span class='ocrx_word' id='word_1_107' title='bbox 502 1696 971 1776; x_wconf 85' lang='grc' dir='ltr'>ὑπιςχνούμενα</span> <span class='ocrx_word' id='word_1_108' title='bbox 1024 1694 1515 1776; x_wconf 87' lang='grc' dir='ltr'>παροξύνεςθαι,</span> <span class='ocrx_word' id='word_1_109' title='bbox 1571 1693 1625 1759; x_wconf 89' lang='grc' dir='ltr'>εἰ</span> <span class='ocrx_word' id='word_1_110' title='bbox 1679 1695 1761 1773; x_wconf 86' lang='grc' dir='ltr'>μὴ</span> <span class='ocrx_word' id='word_1_111' title='bbox 1818 1691 2084 1757; x_wconf 88' lang='grc' dir='ltr'>κανόνες</span> <span class='ocrx_word' id='word_1_112' title='bbox 2140 1690 2307 1755; x_wconf 82' lang='grc' dir='ltr'>τινὲς</span> <span class='ocrx_word' id='word_1_113' title='bbox 2364 1689 2692 1754; x_wconf 85' lang='grc' dir='ltr'>κωλύοιεν.</span> <span class='ocrx_word' id='word_1_114' title='bbox 2780 1688 2894 1755; x_wconf 88' lang='grc' dir='ltr'>εἰςὶ</span> <span class='ocrx_word' id='word_1_115' title='bbox 2944 1689 3066 1768; x_wconf 86' lang='grc' dir='ltr'>γάρ</span> 
     </span>
     <span class='ocr_line' id='line_1_14' title="bbox 497 1792 3065 1881; baseline -0.003 -18"><span class='ocrx_word' id='word_1_116' title='bbox 497 1819 665 1864; x_wconf 88' lang='grc' dir='ltr'>τινες</span> <span class='ocrx_word' id='word_1_117' title='bbox 711 1798 1010 1881; x_wconf 88' lang='grc' dir='ltr'>κανόνες,</span> <span class='ocrx_word' id='word_1_118' title='bbox 1069 1798 1214 1862; x_wconf 80' lang='grc' dir='ltr'>καθ’</span> <span class='ocrx_word' id='word_1_119' title='bbox 1258 1797 1371 1861; x_wconf 83' lang='grc' dir='ltr'>οὓς</span> <span class='ocrx_word' id='word_1_120' title='bbox 1415 1795 1531 1861; x_wconf 88' lang='grc' dir='ltr'>κᾶν</span> <span class='ocrx_word' id='word_1_121' title='bbox 1575 1795 1863 1875; x_wconf 82' lang='grc' dir='ltr'>ἐνέργεια</span> <span class='ocrx_word' id='word_1_122' title='bbox 1907 1793 2300 1875; x_wconf 88' lang='grc' dir='ltr'>ςημαίνηται,</span> <span class='ocrx_word' id='word_1_123' title='bbox 2356 1792 2613 1857; x_wconf 89' lang='grc' dir='ltr'>πάντως</span> <span class='ocrx_word' id='word_1_124' title='bbox 2661 1792 3065 1870; x_wconf 86' lang='grc' dir='ltr'>προπαροξύ-</span> 
     </span>
     <span class='ocr_line' id='line_1_15' title="bbox 498 1892 3065 1978; baseline -0.003 -13"><span class='ocrx_word' id='word_1_125' title='bbox 498 1905 708 1965; x_wconf 87' lang='grc' dir='ltr'>νεςθαι</span> <span class='ocrx_word' id='word_1_126' title='bbox 753 1903 852 1964; x_wconf 81' lang='grc' dir='ltr'>δεῖ</span> <span class='ocrx_word' id='word_1_127' title='bbox 896 1897 1040 1964; x_wconf 80' lang='grc' dir='ltr'>οἷον</span> <span class='ocrx_word' id='word_1_128' title='bbox 1084 1900 1160 1964; x_wconf 92' lang='grc' dir='ltr'>τὸ</span> <span class='ocrx_word' id='word_1_129' title='bbox 1204 1897 1729 1978; x_wconf 90' lang='grc' dir='ltr'>πρωτόπλοος</span> <span class='ocrx_word' id='word_1_130' title='bbox 1772 1894 2358 1977; x_wconf 84' lang='grc' dir='ltr'>προπαροξύνεται,</span> <span class='ocrx_word' id='word_1_131' title='bbox 2416 1894 2631 1973; x_wconf 86' lang='grc' dir='ltr'>ἐπειδὴ</span> <span class='ocrx_word' id='word_1_132' title='bbox 2679 1892 2884 1959; x_wconf 86' lang='grc' dir='ltr'>οὕτως</span> <span class='ocrx_word' id='word_1_133' title='bbox 2928 1893 3065 1973; x_wconf 83' lang='grc' dir='ltr'>ἐμε-</span> 
     </span>
     <span class='ocr_line' id='line_1_16' title="bbox 500 1995 3165 2082; baseline -0.004 -15"><span class='ocrx_word' id='word_1_134' title='bbox 500 2004 715 2081; x_wconf 91' lang='grc' dir='ltr'>λέτηςε</span> <span class='ocrx_word' id='word_1_135' title='bbox 768 2002 846 2066; x_wconf 87' lang='grc' dir='ltr'>τὰ</span> <span class='ocrx_word' id='word_1_136' title='bbox 910 2002 1083 2080; x_wconf 87' lang='grc' dir='ltr'>παρὰ</span> <span class='ocrx_word' id='word_1_137' title='bbox 1146 2001 1221 2066; x_wconf 89' lang='grc' dir='ltr'>τὸ</span> <span class='ocrx_word' id='word_1_138' title='bbox 1284 2001 1492 2082; x_wconf 87' lang='grc' dir='ltr'>πλέω,</span> <span class='ocrx_word' id='word_1_139' title='bbox 1558 2000 1661 2064; x_wconf 80' lang='grc' dir='ltr'>καὶ</span> <span class='ocrx_word' id='word_1_140' title='bbox 1722 2000 1798 2064; x_wconf 92' lang='grc' dir='ltr'>τὸ</span> <span class='ocrx_word' id='word_1_141' title='bbox 1865 1998 2351 2079; x_wconf 91' lang='grc' dir='ltr'>πολύλαλος,</span> <span class='ocrx_word' id='word_1_142' title='bbox 2417 1997 2555 2061; x_wconf 78' lang='grc' dir='ltr'>ἐπεὶ</span> <span class='ocrx_word' id='word_1_143' title='bbox 2614 1995 2692 2059; x_wconf 87' lang='grc' dir='ltr'>τὰ</span> <span class='ocrx_word' id='word_1_144' title='bbox 2752 1996 2925 2074; x_wconf 86' lang='grc' dir='ltr'>παρὰ</span> <span class='ocrx_word' id='word_1_145' title='bbox 2988 1995 3064 2060; x_wconf 87' lang='grc' dir='ltr'>τὸ</span> <span class='ocrx_word' id='word_1_146' title='bbox 3103 2003 3165 2056; x_wconf 83' lang='lat'>15</span> 
     </span>
     <span class='ocr_line' id='line_1_17' title="bbox 434 2096 3063 2187; baseline -0.003 -18"><span class='ocrx_word' id='word_1_147' title='bbox 434 2174 443 2187; x_wconf 23' lang='lat' dir='ltr'>x</span> <span class='ocrx_word' id='word_1_148' title='bbox 497 2105 665 2169; x_wconf 87' lang='grc' dir='ltr'>πολύ</span> <span class='ocrx_word' id='word_1_149' title='bbox 714 2103 1151 2183; x_wconf 88' lang='grc' dir='ltr'>ςυντεθειμὲνα</span> <span class='ocrx_word' id='word_1_150' title='bbox 1193 2102 1781 2183; x_wconf 88' lang='grc' dir='ltr'>προπαροξύνεςθαι</span> <span class='ocrx_word' id='word_1_151' title='bbox 1826 2101 2010 2165; x_wconf 84' lang='grc' dir='ltr'>θέλει.</span> <span class='ocrx_word' id='word_1_152' title='bbox 2100 2098 2359 2179; x_wconf 87' lang='grc' dir='ltr'>μάχεται</span> <span class='ocrx_word' id='word_1_153' title='bbox 2404 2098 2618 2178; x_wconf 84' lang='grc' dir='ltr'>μέντοι</span> <span class='ocrx_word' id='word_1_154' title='bbox 2652 2096 2944 2175; x_wconf 86' lang='grc' dir='ltr'>ἄντικρυς</span> <span class='ocrx_word' id='word_1_155' title='bbox 2987 2097 3063 2162; x_wconf 88' lang='grc' dir='ltr'>τὸ</span> 
     </span>
     <span class='ocr_line' id='line_1_18' title="bbox 500 2199 3065 2285; baseline -0.004 -14"><span class='ocrx_word' id='word_1_156' title='bbox 500 2206 801 2284; x_wconf 86' lang='grc' dir='ltr'>«ὄρνυςθ’</span> <span class='ocrx_word' id='word_1_157' title='bbox 843 2205 1277 2285; x_wconf 78' lang='grc' dir='ltr'>ἱππόδαμοι</span> <span class='ocrx_word' id='word_1_158' title='bbox 1321 2205 1574 2284; x_wconf 84' lang='grc' dir='ltr'>Τρῶες»</span> <span class='ocrx_word' id='word_1_159' title='bbox 1622 2200 1731 2285; x_wconf 89' lang='grc' dir='ltr'><strong>(ΙΙ.</strong></span> <span class='ocrx_word' id='word_1_160' title='bbox 1763 2202 1826 2266; x_wconf 93' lang='grc' dir='ltr'>Δ</span> <span class='ocrx_word' id='word_1_161' title='bbox 1857 2200 2026 2283; x_wconf 86' lang='grc'>509).</span> <span class='ocrx_word' id='word_1_162' title='bbox 2101 2201 2503 2280; x_wconf 84' lang='grc' dir='ltr'>ἐνεργητικὸν</span> <span class='ocrx_word' id='word_1_163' title='bbox 2548 2200 2670 2278; x_wconf 87' lang='grc' dir='ltr'>γὰρ</span> <span class='ocrx_word' id='word_1_164' title='bbox 2715 2199 2795 2265; x_wconf 88' lang='grc' dir='ltr'>ὂν</span> <span class='ocrx_word' id='word_1_165' title='bbox 2840 2201 2941 2264; x_wconf 84' lang='grc' dir='ltr'>καὶ</span> <span class='ocrx_word' id='word_1_166' title='bbox 2984 2200 3065 2279; x_wconf 86' lang='grc' dir='ltr'>μὴ</span> 
     </span>
     <span class='ocr_line' id='line_1_19' title="bbox 498 2302 2677 2393; baseline -0.004 -19"><span class='ocrx_word' id='word_1_167' title='bbox 498 2310 867 2376; x_wconf 85' lang='grc' dir='ltr'>ύποπῑπτον</span> <span class='ocrx_word' id='word_1_168' title='bbox 910 2307 1132 2375; x_wconf 90' lang='grc' dir='ltr'>κανόνι</span> <span class='ocrx_word' id='word_1_169' title='bbox 1175 2313 1267 2393; x_wconf 84' lang='grc' dir='ltr'>τῷ</span> <span class='ocrx_word' id='word_1_170' title='bbox 1310 2307 1985 2391; x_wconf 84' lang='grc' dir='ltr'>προπαροξυτονοῦντι</span> <span class='ocrx_word' id='word_1_171' title='bbox 2029 2302 2677 2384; x_wconf 88' lang='grc' dir='ltr'>προπαρωξυτονήθη.</span> 
     </span>
    </p>
   </div>
   <div class='ocr_carea' id='block_1_3' title="bbox 498 2813 3169 2998">
    <p class='ocr_par' dir='ltr' id='par_1_3' title="bbox 498 2813 3169 2998">
     <span class='ocr_line' id='line_1_20' title="bbox 498 2813 3065 2884; baseline -0.001 -1"><span class='ocrx_word' id='word_1_172' title='bbox 498 2819 674 2883; x_wconf 91' lang='grc' dir='ltr'>ΠΕΡΙ</span> <span class='ocrx_word' id='word_1_173' title='bbox 732 2817 890 2884; x_wconf 88' lang='grc' dir='ltr'>ΤΩΝ</span> <span class='ocrx_word' id='word_1_174' title='bbox 948 2816 1059 2882; x_wconf 73' lang='lat' dir='ltr'>etc</span> <span class='ocrx_word' id='word_1_175' title='bbox 1110 2821 1191 2882; x_wconf 63' lang='lat' dir='ltr'>Ui</span> <span class='ocrx_word' id='word_1_176' title='bbox 1235 2816 1656 2882; x_wconf 85' lang='grc' dir='ltr'>ΛΗΓΟΝΤΩΝ</span> <span class='ocrx_word' id='word_1_177' title='bbox 1719 2815 1832 2881; x_wconf 89' lang='grc' dir='ltr'>ΚΑΙ</span> <span class='ocrx_word' id='word_1_178' title='bbox 1878 2816 2055 2881; x_wconf 91' lang='grc' dir='ltr'>ΠΕΡΙ</span> <span class='ocrx_word' id='word_1_179' title='bbox 2101 2814 2260 2880; x_wconf 88' lang='grc' dir='ltr'>ΤΩΝ</span> <span class='ocrx_word' id='word_1_180' title='bbox 2319 2813 2689 2880; x_wconf 92' lang='grc' dir='ltr'>ΕΧΟΝΤΩΝ</span> <span class='ocrx_word' id='word_1_181' title='bbox 2735 2814 3065 2880; x_wconf 85' lang='grc' dir='ltr'>ΔΙΦΘΟΓ-</span> 
     </span>
     <span class='ocr_line' id='line_1_21' title="bbox 768 2908 3169 2998; baseline -0.002 -14"><span class='ocrx_word' id='word_1_182' title='bbox 768 2918 967 2985; x_wconf 75' lang='grc' dir='ltr'>ΓΟΥΕ</span> <span class='ocrx_word' id='word_1_183' title='bbox 1008 2919 1178 2984; x_wconf 93' lang='grc' dir='ltr'>ΠΡΟ</span> <span class='ocrx_word' id='word_1_184' title='bbox 1219 2920 1384 2985; x_wconf 89' lang='grc' dir='ltr'>ΤΟΥ</span> <span class='ocrx_word' id='word_1_185' title='bbox 1428 2922 1485 2984; x_wconf 78' lang='grc' dir='ltr'>Ε·</span> <span class='ocrx_word' id='word_1_186' title='bbox 1532 2919 1644 2984; x_wconf 89' lang='grc' dir='ltr'>ΕΤΙ</span> <span class='ocrx_word' id='word_1_187' title='bbox 1691 2919 1868 2984; x_wconf 87' lang='grc' dir='ltr'>ΠΕΡΙ</span> <span class='ocrx_word' id='word_1_188' title='bbox 1915 2917 2074 2984; x_wconf 88' lang='grc' dir='ltr'>ΤΩΝ</span> <span class='ocrx_word' id='word_1_189' title='bbox 2122 2916 2234 2982; x_wconf 67' lang='lat' dir='ltr'>etc</span> <span class='ocrx_word' id='word_1_190' title='bbox 2278 2923 2366 2982; x_wconf 79' lang='grc' dir='ltr'>ῶς</span> <span class='ocrx_word' id='word_1_191' title='bbox 2416 2918 2530 2982; x_wconf 92' lang='grc' dir='ltr'>ΚΑΙ</span> <span class='ocrx_word' id='word_1_192' title='bbox 2578 2916 2690 2981; x_wconf 70' lang='lat' dir='ltr'>etc</span> <span class='ocrx_word' id='word_1_193' title='bbox 2732 2921 2800 2998; x_wconf 71' lang='grc' dir='ltr'>ᾧ.</span> <span class='ocrx_word' id='word_1_194' title='bbox 3101 2908 3169 2957; x_wconf 77' lang='lat'>²⁰</span> 
     </span>
    </p>
   </div>
   <div class='ocr_carea' id='block_1_4' title="bbox 1606 3095 2086 3160">
    <p class='ocr_par' dir='ltr' id='par_1_4' title="bbox 1606 3095 2086 3160">
     <span class='ocr_line' id='line_1_22' title="bbox 1606 3095 2086 3160; baseline -0.008 0"><span class='ocrx_word' id='word_1_195' title='bbox 1606 3105 1876 3160; x_wconf 89' lang='grc' dir='ltr'>ΒΙΒΛΙΟΝ</span> <span class='ocrx_word' id='word_1_196' title='bbox 1916 3099 1962 3158; x_wconf 86' lang='grc' dir='ltr'>ι’.</span> <span class='ocrx_word' id='word_1_197' title='bbox 2049 3095 2086 3128; x_wconf 52' lang='grc'><strong>“</strong></span> 
     </span>
    </p>
   </div>
   <div class='ocr_carea' id='block_1_5' title="bbox 500 3276 3068 3463">
    <p class='ocr_par' dir='ltr' id='par_1_5' title="bbox 500 3276 3068 3476">
     <span class='ocr_line' id='line_1_23' title="bbox 667 3276 3067 3359; baseline -0.001 -16"><span class='ocrx_word' id='word_1_198' title='bbox 667 3278 760 3343; x_wconf 87' lang='grc' dir='ltr'>Τὰ</span> <span class='ocrx_word' id='word_1_199' title='bbox 815 3279 903 3343; x_wconf 85' lang='grc' dir='ltr'>εἰς</span> <span class='ocrx_word' id='word_1_200' title='bbox 953 3280 1037 3342; x_wconf 70' lang='grc' dir='ltr'>ἰι-ς</span> <span class='ocrx_word' id='word_1_201' title='bbox 1096 3277 1438 3359; x_wconf 89' lang='grc' dir='ltr'>διςύλλαβα</span> <span class='ocrx_word' id='word_1_202' title='bbox 1500 3278 1681 3358; x_wconf 91' lang='grc' dir='ltr'>κύρια</span> <span class='ocrx_word' id='word_1_203' title='bbox 1745 3277 1783 3356; x_wconf 88' lang='grc' dir='ltr'>ἢ</span> <span class='ocrx_word' id='word_1_204' title='bbox 1846 3278 2276 3356; x_wconf 86' lang='grc' dir='ltr'>προςηγορικὰ</span> <span class='ocrx_word' id='word_1_205' title='bbox 2339 3278 2377 3355; x_wconf 86' lang='grc' dir='ltr'>ἢ</span> <span class='ocrx_word' id='word_1_206' title='bbox 2444 3276 2656 3341; x_wconf 86' lang='grc' dir='ltr'>ἑθνικὰ</span> <span class='ocrx_word' id='word_1_207' title='bbox 2713 3276 3067 3358; x_wconf 87' lang='grc' dir='ltr'>βαρύνεται,</span> 
     </span>
     <span class='ocr_line' id='line_1_24' title="bbox 500 3378 3068 3463; baseline -0.002 -17"><span class='ocrx_word' id='word_1_208' title='bbox 500 3381 733 3461; x_wconf 87' lang='grc' dir='ltr'>Λίβυς</span> <span class='ocrx_word' id='word_1_209' title='bbox 778 3381 1030 3462; x_wconf 89' lang='grc' dir='ltr'>κύριον,</span> <span class='ocrx_word' id='word_1_210' title='bbox 1074 3382 1150 3446; x_wconf 92' lang='grc' dir='ltr'>τὸ</span> <span class='ocrx_word' id='word_1_211' title='bbox 1194 3381 1265 3445; x_wconf 82' lang='grc' dir='ltr'>δὲ</span> <span class='ocrx_word' id='word_1_212' title='bbox 1309 3380 1559 3446; x_wconf 81' lang='grc' dir='ltr'>ἐθνικόν</span> <span class='ocrx_word' id='word_1_213' title='bbox 1602 3379 1968 3463; x_wconf 87' lang='grc' dir='ltr'>ὁμοφωνεῑ,</span> <span class='ocrx_word' id='word_1_214' title='bbox 2011 3379 2137 3444; x_wconf 82' lang='grc' dir='ltr'>ἔςτι</span> <span class='ocrx_word' id='word_1_215' title='bbox 2183 3380 2255 3444; x_wconf 77' lang='grc' dir='ltr'>δὲ</span> <span class='ocrx_word' id='word_1_216' title='bbox 2283 3380 2562 3456; x_wconf 81' lang='grc' dir='ltr'>τριγενὲς</span> <span class='ocrx_word' id='word_1_217' title='bbox 2592 3378 2777 3459; x_wconf 92' lang='grc' dir='ltr'>Λίβυς</span> <span class='ocrx_word' id='word_1_218' title='bbox 2807 3378 3068 3459; x_wconf 90' lang='grc' dir='ltr'>Λίβυςςα</span> 
     </span>
    </p>
   </div>
   <div class='ocr_carea' id='block_1_6' title="bbox 507 3520 905 3527">
    <p class='ocr_par' dir='ltr' id='par_1_6' title="bbox 507 3520 905 3527">
     <span class='ocr_line' id='line_1_25' title="bbox 507 3520 905 3527; baseline 0 2019"><span class='ocrx_word' id='word_1_219' title='bbox 507 3520 905 3527; x_wconf 95' lang='lat' dir='ltr'> </span> 
     </span>
    </p>
   </div>
   <div class='ocr_carea' id='block_1_7' title="bbox 498 3597 3128 4961">
    <p class='ocr_par' dir='ltr' id='par_1_7' title="bbox 498 3597 3128 4961">
     <span class='ocr_line' id='line_1_26' title="bbox 501 3597 3068 3667; baseline -0.001 -16"><span class='ocrx_word' id='word_1_220' title='bbox 501 3601 712 3665; x_wconf 85' lang='grc' dir='ltr'>νόμενα</span> <span class='ocrx_word' id='word_1_221' title='bbox 750 3600 850 3665; x_wconf 82' lang='grc' dir='ltr'>μὲν</span> <span class='ocrx_word' id='word_1_222' title='bbox 887 3600 979 3654; x_wconf 78' lang='grc' dir='ltr'>ἐπὶ</span> <span class='ocrx_word' id='word_1_223' title='bbox 1026 3599 1305 3666; x_wconf 79' lang='grc' dir='ltr'>ἐνεργείας</span> <span class='ocrx_word' id='word_1_224' title='bbox 1351 3599 1623 3666; x_wconf 85' lang='grc' dir='ltr'>τίθενται,</span> <span class='ocrx_word' id='word_1_225' title='bbox 1671 3601 2209 3667; x_wconf 85' lang='grc' dir='ltr'>προπαροξυνόμενα</span> <span class='ocrx_word' id='word_1_226' title='bbox 2252 3599 2313 3652; x_wconf 82' lang='grc' dir='ltr'>δὲ</span> <span class='ocrx_word' id='word_1_227' title='bbox 2361 3598 2454 3652; x_wconf 78' lang='grc' dir='ltr'>ἐπὶ</span> <span class='ocrx_word' id='word_1_228' title='bbox 2501 3597 2728 3651; x_wconf 84' lang='grc' dir='ltr'>πάθους.</span> <span class='ocrx_word' id='word_1_229' title='bbox 2799 3599 3068 3664; x_wconf 81' lang='lat' dir='ltr'><strong>Equidem</strong></span> 
     </span>
     <span class='ocr_line' id='line_1_27' title="bbox 501 3668 3068 3736; baseline -0.002 -16"><span class='ocrx_word' id='word_1_230' title='bbox 501 3671 677 3721; x_wconf 79' lang='lat' dir='ltr'><strong>satius</strong></span> <span class='ocrx_word' id='word_1_231' title='bbox 713 3670 841 3720; x_wconf 81' lang='lat' dir='ltr'><strong>duxi</strong></span> <span class='ocrx_word' id='word_1_232' title='bbox 876 3686 943 3720; x_wconf 86' lang='lat' dir='ltr'><strong>ex</strong></span> <span class='ocrx_word' id='word_1_233' title='bbox 980 3669 1224 3736; x_wconf 75' lang='lat' dir='ltr'><strong>reliquiis</strong></span> <span class='ocrx_word' id='word_1_234' title='bbox 1258 3670 1624 3721; x_wconf 76' lang='lat' dir='ltr'><strong>Herodianeis</strong></span> <span class='ocrx_word' id='word_1_235' title='bbox 1659 3671 1907 3722; x_wconf 80' lang='lat' dir='ltr'><strong>adhibito</strong></span> <span class='ocrx_word' id='word_1_236' title='bbox 1944 3670 2177 3721; x_wconf 76' lang='lat' dir='ltr'><strong>Arcadio</strong></span> <span class='ocrx_word' id='word_1_237' title='bbox 2225 3685 2489 3720; x_wconf 83' lang='lat' dir='ltr'><strong>canonem</strong></span> <span class='ocrx_word' id='word_1_238' title='bbox 2533 3671 2887 3718; x_wconf 82' lang='lat' dir='ltr'><strong>constituere.</strong></span> <span class='ocrx_word' id='word_1_239' title='bbox 2958 3668 3068 3717; x_wconf 89' lang='lat' dir='ltr'><strong>Ini-</strong></span> 
     </span>
     <span class='ocr_line' id='line_1_28' title="bbox 500 3732 3068 3804; baseline -0.001 -16"><span class='ocrx_word' id='word_1_240' title='bbox 500 3740 635 3788; x_wconf 86' lang='lat' dir='ltr'><strong>tium</strong></span> <span class='ocrx_word' id='word_1_241' title='bbox 671 3745 945 3804; x_wconf 79' lang='lat' dir='ltr'><strong>sumptum</strong></span> <span class='ocrx_word' id='word_1_242' title='bbox 983 3744 1069 3788; x_wconf 80' lang='lat' dir='ltr'><strong>est</strong></span> <span class='ocrx_word' id='word_1_243' title='bbox 1105 3753 1172 3787; x_wconf 80' lang='lat' dir='ltr'><strong>ex</strong></span> <span class='ocrx_word' id='word_1_244' title='bbox 1206 3738 1269 3788; x_wconf 89' lang='grc' dir='ltr'>ΙΙ.</span> <span class='ocrx_word' id='word_1_245' title='bbox 1308 3739 1397 3788; x_wconf 90' lang='lat' dir='ltr'>Pr.</span> <span class='ocrx_word' id='word_1_246' title='bbox 1439 3737 1471 3789; x_wconf 84' lang='grc' dir='ltr'>Γ</span> <span class='ocrx_word' id='word_1_247' title='bbox 1507 3741 1633 3800; x_wconf 74' lang='grc'>354,</span> <span class='ocrx_word' id='word_1_248' title='bbox 1679 3739 2128 3789; x_wconf 78' lang='lat' dir='ltr'><strong>adnotamentum</strong></span> <span class='ocrx_word' id='word_1_249' title='bbox 2174 3739 2240 3788; x_wconf 89' lang='lat' dir='ltr'><strong>de</strong></span> <span class='ocrx_word' id='word_1_250' title='bbox 2285 3735 2600 3801; x_wconf 86' lang='grc' dir='ltr'>καρατόμος</span> <span class='ocrx_word' id='word_1_251' title='bbox 2655 3741 2712 3785; x_wconf 84' lang='lat' dir='ltr'><strong>et</strong></span> <span class='ocrx_word' id='word_1_252' title='bbox 2755 3732 3068 3799; x_wconf 84' lang='grc' dir='ltr'>καράτομος</span> 
     </span>
     <span class='ocr_line' id='line_1_29' title="bbox 503 3805 3068 3872; baseline -0.001 -16"><span class='ocrx_word' id='word_1_253' title='bbox 503 3823 567 3857; x_wconf 84' lang='lat' dir='ltr'><strong>ex</strong></span> <span class='ocrx_word' id='word_1_254' title='bbox 606 3808 667 3857; x_wconf 84' lang='grc' dir='ltr'>Ε.</span> <span class='ocrx_word' id='word_1_255' title='bbox 704 3808 779 3859; x_wconf 87' lang='grc' dir='ltr'>Μ.</span> <span class='ocrx_word' id='word_1_256' title='bbox 815 3809 938 3866; x_wconf 84' lang='grc'>215,</span> <span class='ocrx_word' id='word_1_257' title='bbox 984 3812 1039 3867; x_wconf 89' lang='grc'>1,</span> <span class='ocrx_word' id='word_1_258' title='bbox 1079 3821 1236 3871; x_wconf 86' lang='lat' dir='ltr'><strong>quem</strong></span> <span class='ocrx_word' id='word_1_259' title='bbox 1280 3807 1457 3857; x_wconf 80' lang='lat' dir='ltr'><strong>locum</strong></span> <span class='ocrx_word' id='word_1_260' title='bbox 1492 3807 1601 3856; x_wconf 78' lang='lat' dir='ltr'><strong>iam</strong></span> <span class='ocrx_word' id='word_1_261' title='bbox 1635 3822 1801 3872; x_wconf 81' lang='lat' dir='ltr'><strong>supra</strong></span> <span class='ocrx_word' id='word_1_262' title='bbox 1837 3813 1899 3857; x_wconf 88' lang='lat' dir='ltr'>ut</span> <span class='ocrx_word' id='word_1_263' title='bbox 1935 3805 2344 3857; x_wconf 81' lang='lat' dir='ltr'><strong>Herodianeum</strong></span> <span class='ocrx_word' id='word_1_264' title='bbox 2383 3807 2438 3854; x_wconf 87' lang='lat' dir='ltr'><strong>in</strong></span> <span class='ocrx_word' id='word_1_265' title='bbox 2475 3809 2717 3854; x_wconf 76' lang='lat' dir='ltr'><strong>nostrum</strong></span> <span class='ocrx_word' id='word_1_266' title='bbox 2753 3819 2909 3854; x_wconf 77' lang='lat' dir='ltr'><strong>usum</strong></span> <span class='ocrx_word' id='word_1_267' title='bbox 2945 3819 3068 3854; x_wconf 85' lang='lat' dir='ltr'><strong>con-</strong></span> 
     </span>
     <span class='ocr_line' id='line_1_30' title="bbox 500 3870 3096 3938; baseline -0.001 -15"><span class='ocrx_word' id='word_1_268' title='bbox 500 3876 779 3925; x_wconf 78' lang='lat' dir='ltr'><strong>vertimus·</strong></span> <span class='ocrx_word' id='word_1_269' title='bbox 850 3873 1061 3925; x_wconf 83' lang='lat' dir='ltr'><strong>Similia</strong></span> <span class='ocrx_word' id='word_1_270' title='bbox 1097 3876 1341 3925; x_wconf 81' lang='lat' dir='ltr'><strong>servavit</strong></span> <span class='ocrx_word' id='word_1_271' title='bbox 1388 3875 1554 3925; x_wconf 84' lang='lat' dir='ltr'><strong>etiam</strong></span> <span class='ocrx_word' id='word_1_272' title='bbox 1593 3875 1858 3926; x_wconf 85' lang='lat' dir='ltr'><strong>Choerob.</strong></span> <span class='ocrx_word' id='word_1_273' title='bbox 1898 3876 1953 3924; x_wconf 90' lang='lat' dir='ltr'><strong>in</strong></span> <span class='ocrx_word' id='word_1_274' title='bbox 1991 3874 2245 3938; x_wconf 82' lang='lat' dir='ltr'><strong>Orthogr.</strong></span> <span class='ocrx_word' id='word_1_275' title='bbox 2283 3877 2400 3935; x_wconf 82' lang='grc'>233,</span> <span class='ocrx_word' id='word_1_276' title='bbox 2439 3876 2521 3934; x_wconf 88' lang='grc'>31,</span> <span class='ocrx_word' id='word_1_277' title='bbox 2559 3872 2732 3937; x_wconf 88' lang='lat' dir='ltr'><strong>Epim.</strong></span> <span class='ocrx_word' id='word_1_278' title='bbox 2775 3872 2832 3921; x_wconf 88' lang='lat' dir='ltr'><strong>in</strong></span> <span class='ocrx_word' id='word_1_279' title='bbox 2868 3870 3096 3922; x_wconf 79' lang='lat' dir='ltr'>Psalm.&#39;</span> 
     </span>
     <span class='ocr_line' id='line_1_31' title="bbox 500 3937 3069 4007; baseline -0.001 -15"><span class='ocrx_word' id='word_1_280' title='bbox 500 3944 584 4003; x_wconf 85' lang='grc'>78,</span> <span class='ocrx_word' id='word_1_281' title='bbox 622 3945 671 3996; x_wconf 87' lang='grc'>8.</span> <span class='ocrx_word' id='word_1_282' title='bbox 808 3942 843 3996; x_wconf 91' lang='lat' dir='ltr'>l.</span> <span class='ocrx_word' id='word_1_283' title='bbox 882 3944 915 3991; x_wconf 82' lang='grc'><strong>6</strong></span> <span class='ocrx_word' id='word_1_284' title='bbox 949 3943 1362 3992; x_wconf 77' lang='lat' dir='ltr'><strong>annotationem</strong></span> <span class='ocrx_word' id='word_1_285' title='bbox 1401 3942 1467 3992; x_wconf 89' lang='lat' dir='ltr'><strong>de</strong></span> <span class='ocrx_word' id='word_1_286' title='bbox 1504 3942 1870 4007; x_wconf 87' lang='grc' dir='ltr'>πρωτοτόκος</span> <span class='ocrx_word' id='word_1_287' title='bbox 1916 3948 1971 3994; x_wconf 88' lang='lat' dir='ltr'><strong>et</strong></span> <span class='ocrx_word' id='word_1_288' title='bbox 2007 3941 2373 4006; x_wconf 88' lang='grc' dir='ltr'>πρωτότοκος</span> <span class='ocrx_word' id='word_1_289' title='bbox 2420 3940 2606 4005; x_wconf 82' lang='lat' dir='ltr'><strong>recepi</strong></span> <span class='ocrx_word' id='word_1_290' title='bbox 2642 3957 2708 3989; x_wconf 86' lang='lat' dir='ltr'><strong>ex</strong></span> <span class='ocrx_word' id='word_1_291' title='bbox 2734 3939 2797 3989; x_wconf 91' lang='lat'>11.</span> <span class='ocrx_word' id='word_1_292' title='bbox 2835 3940 2921 3989; x_wconf 89' lang='lat' dir='ltr'>Pr.</span> <span class='ocrx_word' id='word_1_293' title='bbox 2962 3937 3000 3990; x_wconf 98' lang='grc' dir='ltr'>Ρ</span> <span class='ocrx_word' id='word_1_294' title='bbox 3038 3943 3069 3990; x_wconf 82' lang='grc'>5</span> 
     </span>
     <span class='ocr_line' id='line_1_32' title="bbox 501 4004 3067 4075; baseline -0.001 -15"><span class='ocrx_word' id='word_1_295' title='bbox 501 4011 571 4060; x_wconf 83' lang='lat' dir='ltr'>of.</span> <span class='ocrx_word' id='word_1_296' title='bbox 619 4010 812 4060; x_wconf 89' lang='lat' dir='ltr'><strong>Choer.</strong></span> <span class='ocrx_word' id='word_1_297' title='bbox 859 4011 959 4075; x_wconf 90' lang='lat' dir='ltr'>Ep.</span> <span class='ocrx_word' id='word_1_298' title='bbox 1014 4011 1070 4059; x_wconf 88' lang='lat' dir='ltr'><strong>in</strong></span> <span class='ocrx_word' id='word_1_299' title='bbox 1116 4009 1316 4060; x_wconf 81' lang='lat' dir='ltr'>Psalm.</span> <span class='ocrx_word' id='word_1_300' title='bbox 1358 4012 1478 4066; x_wconf 82' lang='lat'>167,</span> <span class='ocrx_word' id='word_1_301' title='bbox 1515 4013 1547 4060; x_wconf 82' lang='lat'>9</span> <span class='ocrx_word' id='word_1_302' title='bbox 1601 4008 1968 4074; x_wconf 84' lang='grc' dir='ltr'>πρωτότοκος</span> <span class='ocrx_word' id='word_1_303' title='bbox 2023 4009 2124 4073; x_wconf 91' lang='grc' dir='ltr'>μέν</span> <span class='ocrx_word' id='word_1_304' title='bbox 2177 4009 2323 4061; x_wconf 82' lang='grc' dir='ltr'>ἐςτιν</span> <span class='ocrx_word' id='word_1_305' title='bbox 2377 4008 2409 4060; x_wconf 91' lang='lat'>6</span> <span class='ocrx_word' id='word_1_306' title='bbox 2462 4006 2708 4072; x_wconf 87' lang='grc' dir='ltr'>πρώτως</span> <span class='ocrx_word' id='word_1_307' title='bbox 2758 4004 3067 4071; x_wconf 88' lang='grc' dir='ltr'>γεννηθείς,</span> 
     </span>
     <span class='ocr_line' id='line_1_33' title="bbox 503 4073 3128 4142; baseline -0.002 -13"><span class='ocrx_word' id='word_1_308' title='bbox 503 4077 868 4142; x_wconf 88' lang='grc' dir='ltr'>πρωτοτόκος</span> <span class='ocrx_word' id='word_1_309' title='bbox 907 4075 968 4128; x_wconf 82' lang='grc' dir='ltr'>δὲ</span> <span class='ocrx_word' id='word_1_310' title='bbox 1005 4076 1039 4140; x_wconf 83' lang='grc' dir='ltr'>ἡ</span> <span class='ocrx_word' id='word_1_311' title='bbox 1080 4075 1280 4142; x_wconf 88' lang='grc' dir='ltr'>πρώτη</span> <span class='ocrx_word' id='word_1_312' title='bbox 1325 4077 1600 4142; x_wconf 84' lang='grc' dir='ltr'>τοκήςαςα</span> <span class='ocrx_word' id='word_1_313' title='bbox 1647 4085 1703 4128; x_wconf 87' lang='lat' dir='ltr'><strong>et</strong></span> <span class='ocrx_word' id='word_1_314' title='bbox 1740 4079 1838 4128; x_wconf 83' lang='lat' dir='ltr'>An.</span> <span class='ocrx_word' id='word_1_315' title='bbox 1878 4080 1979 4131; x_wconf 84' lang='lat' dir='ltr'>Ox.</span> <span class='ocrx_word' id='word_1_316' title='bbox 2016 4079 2071 4129; x_wconf 91' lang='lat'>11</span> <span class='ocrx_word' id='word_1_317' title='bbox 2107 4081 2232 4139; x_wconf 78' lang='lat'>404,</span> <span class='ocrx_word' id='word_1_318' title='bbox 2269 4080 2351 4127; x_wconf 82' lang='lat'>29.</span> <span class='ocrx_word' id='word_1_319' title='bbox 2433 4076 2569 4127; x_wconf 91' lang='lat' dir='ltr'><strong>Inde</strong></span> <span class='ocrx_word' id='word_1_320' title='bbox 2615 4077 2686 4126; x_wconf 82' lang='lat' dir='ltr'>ab</span> <span class='ocrx_word' id='word_1_321' title='bbox 2732 4073 2919 4126; x_wconf 84' lang='grc' dir='ltr'>οὕτως</span> <span class='ocrx_word' id='word_1_322' title='bbox 2967 4074 3069 4125; x_wconf 84' lang='grc' dir='ltr'>οὖν</span> <span class='ocrx_word' id='word_1_323' title='bbox 3121 4119 3128 4132; x_wconf 84' lang='grc'>,</span> 
     </span>
     <span class='ocr_line' id='line_1_34' title="bbox 501 4141 3069 4211; baseline -0.002 -15"><span class='ocrx_word' id='word_1_324' title='bbox 501 4152 803 4211; x_wconf 85' lang='lat' dir='ltr'><strong>sequuntur</strong></span> <span class='ocrx_word' id='word_1_325' title='bbox 846 4147 1016 4197; x_wconf 76' lang='lat' dir='ltr'><strong>verba</strong></span> <span class='ocrx_word' id='word_1_326' title='bbox 1051 4145 1269 4195; x_wconf 80' lang='lat' dir='ltr'><strong>Arcadii</strong></span> <span class='ocrx_word' id='word_1_327' title='bbox 1316 4146 1612 4211; x_wconf 82' lang='lat' dir='ltr'>paullulum</span> <span class='ocrx_word' id='word_1_328' title='bbox 1656 4148 1969 4206; x_wconf 82' lang='lat' dir='ltr'><strong>immutata,</strong></span> <span class='ocrx_word' id='word_1_329' title='bbox 2016 4146 2161 4196; x_wconf 87' lang='lat' dir='ltr'><strong>inter</strong></span> <span class='ocrx_word' id='word_1_330' title='bbox 2207 4161 2345 4209; x_wconf 81' lang='lat' dir='ltr'><strong>quae</strong></span> <span class='ocrx_word' id='word_1_331' title='bbox 2394 4145 2577 4208; x_wconf 81' lang='lat' dir='ltr'><strong>recepi</strong></span> <span class='ocrx_word' id='word_1_332' title='bbox 2626 4141 2965 4207; x_wconf 88' lang='grc' dir='ltr'>μογοςτόκος</span> <span class='ocrx_word' id='word_1_333' title='bbox 3002 4156 3069 4191; x_wconf 83' lang='lat' dir='ltr'><strong>ex</strong></span> 
     </span>
     <span class='ocr_line' id='line_1_35' title="bbox 498 4209 3068 4278; baseline -0.001 -16"><span class='ocrx_word' id='word_1_334' title='bbox 498 4215 565 4264; x_wconf 86' lang='grc' dir='ltr'>ΙΙ.</span> <span class='ocrx_word' id='word_1_335' title='bbox 602 4216 691 4265; x_wconf 88' lang='lat' dir='ltr'>Pr.</span> <span class='ocrx_word' id='word_1_336' title='bbox 728 4212 770 4264; x_wconf 95' lang='grc' dir='ltr'>Λ</span> <span class='ocrx_word' id='word_1_337' title='bbox 807 4215 925 4278; x_wconf 81' lang='lat'>270,</span> <span class='ocrx_word' id='word_1_338' title='bbox 961 4212 1274 4265; x_wconf 86' lang='grc' dir='ltr'>ξεινοδόκος</span> <span class='ocrx_word' id='word_1_339' title='bbox 1311 4230 1378 4263; x_wconf 86' lang='lat' dir='ltr'><strong>ex</strong></span> <span class='ocrx_word' id='word_1_340' title='bbox 1414 4214 1477 4265; x_wconf 89' lang='lat'>11.</span> <span class='ocrx_word' id='word_1_341' title='bbox 1512 4216 1600 4264; x_wconf 83' lang='lat' dir='ltr'>Pr.</span> <span class='ocrx_word' id='word_1_342' title='bbox 1641 4213 1673 4265; x_wconf 85' lang='grc' dir='ltr'>Γ</span> <span class='ocrx_word' id='word_1_343' title='bbox 1712 4214 1752 4264; x_wconf 91' lang='lat'>1.</span> <span class='ocrx_word' id='word_1_344' title='bbox 1790 4231 1864 4276; x_wconf 85' lang='lat' dir='ltr'>c.,</span> <span class='ocrx_word' id='word_1_345' title='bbox 1913 4211 2134 4278; x_wconf 80' lang='grc' dir='ltr'>ίηδόκος</span> <span class='ocrx_word' id='word_1_346' title='bbox 2172 4229 2239 4263; x_wconf 78' lang='lat' dir='ltr'><strong>ex</strong></span> <span class='ocrx_word' id='word_1_347' title='bbox 2274 4211 2343 4263; x_wconf 92' lang='lat' dir='ltr'>Il.</span> <span class='ocrx_word' id='word_1_348' title='bbox 2378 4213 2467 4262; x_wconf 88' lang='lat' dir='ltr'>Pr.</span> <span class='ocrx_word' id='word_1_349' title='bbox 2507 4209 2551 4263; x_wconf 94' lang='lat' dir='ltr'>O</span> <span class='ocrx_word' id='word_1_350' title='bbox 2589 4213 2690 4262; x_wconf 83' lang='lat'>444</span> <span class='ocrx_word' id='word_1_351' title='bbox 2738 4227 2859 4261; x_wconf 83' lang='lat' dir='ltr'>cum</span> <span class='ocrx_word' id='word_1_352' title='bbox 2903 4211 3068 4260; x_wconf 83' lang='lat' dir='ltr'><strong>verbo</strong></span> 
     </span>
     <span class='ocr_line' id='line_1_36' title="bbox 500 4277 3071 4345; baseline -0.002 -13"><span class='ocrx_word' id='word_1_353' title='bbox 500 4280 740 4345; x_wconf 86' lang='grc' dir='ltr'>δέχομαι.</span> <span class='ocrx_word' id='word_1_354' title='bbox 809 4281 944 4332; x_wconf 89' lang='lat' dir='ltr'><strong>Inde</strong></span> <span class='ocrx_word' id='word_1_355' title='bbox 981 4283 1053 4332; x_wconf 76' lang='lat' dir='ltr'>ab</span> <span class='ocrx_word' id='word_1_356' title='bbox 1087 4281 1121 4331; x_wconf 92' lang='grc'>1.</span> <span class='ocrx_word' id='word_1_357' title='bbox 1162 4284 1219 4331; x_wconf 84' lang='grc'>11</span> <span class='ocrx_word' id='word_1_358' title='bbox 1260 4280 1476 4345; x_wconf 83' lang='grc' dir='ltr'>ἔφαμεν</span> <span class='ocrx_word' id='word_1_359' title='bbox 1517 4280 1582 4333; x_wconf 82' lang='grc' dir='ltr'>δὲ</span> <span class='ocrx_word' id='word_1_360' title='bbox 1614 4288 1743 4332; x_wconf 82' lang='lat' dir='ltr'><strong>eunt</strong></span> <span class='ocrx_word' id='word_1_361' title='bbox 1780 4298 1847 4332; x_wconf 87' lang='lat' dir='ltr'><strong>ex</strong></span> <span class='ocrx_word' id='word_1_362' title='bbox 1881 4282 1948 4332; x_wconf 91' lang='lat'>11.</span> <span class='ocrx_word' id='word_1_363' title='bbox 1987 4284 2075 4331; x_wconf 87' lang='lat' dir='ltr'>Pr.</span> <span class='ocrx_word' id='word_1_364' title='bbox 2111 4280 2153 4332; x_wconf 95' lang='grc' dir='ltr'>Λ</span> <span class='ocrx_word' id='word_1_365' title='bbox 2191 4284 2317 4341; x_wconf 84' lang='grc'>270,</span> <span class='ocrx_word' id='word_1_366' title='bbox 2356 4277 2732 4344; x_wconf 88' lang='grc' dir='ltr'>πρωτόπλοος</span> <span class='ocrx_word' id='word_1_367' title='bbox 2780 4295 2846 4329; x_wconf 87' lang='lat' dir='ltr'><strong>ex</strong></span> <span class='ocrx_word' id='word_1_368' title='bbox 2881 4279 2945 4328; x_wconf 90' lang='lat'>11.</span> <span class='ocrx_word' id='word_1_369' title='bbox 2985 4278 3071 4327; x_wconf 88' lang='lat' dir='ltr'>Pr.</span> 
     </span>
     <span class='ocr_line' id='line_1_37' title="bbox 503 4343 3070 4415; baseline -0.002 -15"><span class='ocrx_word' id='word_1_370' title='bbox 503 4348 558 4400; x_wconf 94' lang='grc' dir='ltr'><strong>Μ</strong></span> <span class='ocrx_word' id='word_1_371' title='bbox 596 4352 678 4411; x_wconf 81' lang='grc'>26,</span> <span class='ocrx_word' id='word_1_372' title='bbox 719 4348 1036 4400; x_wconf 84' lang='grc' dir='ltr'>πολύλαλος</span> <span class='ocrx_word' id='word_1_373' title='bbox 1074 4350 1192 4415; x_wconf 75' lang='lat' dir='ltr'><strong>ipse</strong></span> <span class='ocrx_word' id='word_1_374' title='bbox 1231 4365 1297 4400; x_wconf 77' lang='lat' dir='ltr'><strong>ex</strong></span> <span class='ocrx_word' id='word_1_375' title='bbox 1332 4350 1553 4400; x_wconf 79' lang='lat' dir='ltr'><strong>Arcadii</strong></span> <span class='ocrx_word' id='word_1_376' title='bbox 1589 4366 1794 4401; x_wconf 78' lang='lat' dir='ltr'><strong>canone</strong></span> <span class='ocrx_word' id='word_1_377' title='bbox 1840 4350 2119 4414; x_wconf 81' lang='lat' dir='ltr'><strong>superiore</strong></span> <span class='ocrx_word' id='word_1_378' title='bbox 2166 4349 2426 4414; x_wconf 79' lang='lat' dir='ltr'><strong>apposui3</strong></span> <span class='ocrx_word' id='word_1_379' title='bbox 2476 4348 2639 4397; x_wconf 81' lang='lat' dir='ltr'><strong>verba</strong></span> <span class='ocrx_word' id='word_1_380' title='bbox 2677 4344 2908 4410; x_wconf 86' lang='grc' dir='ltr'>μάχεται</span> <span class='ocrx_word' id='word_1_381' title='bbox 2946 4343 3070 4408; x_wconf 86' lang='grc' dir='ltr'>μέν-</span> 
     </span>
     <span class='ocr_line' id='line_1_38' title="bbox 500 4414 3072 4482; baseline -0.002 -14"><span class='ocrx_word' id='word_1_382' title='bbox 500 4430 587 4474; x_wconf 78' lang='grc' dir='ltr'>τοι</span> <span class='ocrx_word' id='word_1_383' title='bbox 621 4417 657 4471; x_wconf 89' lang='lat' dir='ltr'>l.</span> <span class='ocrx_word' id='word_1_384' title='bbox 700 4420 762 4467; x_wconf 78' lang='lat'>16</span> <span class='ocrx_word' id='word_1_385' title='bbox 797 4433 968 4482; x_wconf 77' lang='lat' dir='ltr'><strong>usque</strong></span> <span class='ocrx_word' id='word_1_386' title='bbox 1006 4417 1075 4467; x_wconf 79' lang='lat' dir='ltr'>ad</span> <span class='ocrx_word' id='word_1_387' title='bbox 1110 4417 1270 4467; x_wconf 86' lang='lat' dir='ltr'><strong>finem</strong></span> <span class='ocrx_word' id='word_1_388' title='bbox 1306 4422 1435 4468; x_wconf 82' lang='lat' dir='ltr'><strong>sunt</strong></span> <span class='ocrx_word' id='word_1_389' title='bbox 1470 4434 1535 4467; x_wconf 81' lang='lat' dir='ltr'><strong>ex</strong></span> <span class='ocrx_word' id='word_1_390' title='bbox 1572 4418 1637 4469; x_wconf 90' lang='grc' dir='ltr'>ΙΙ.</span> <span class='ocrx_word' id='word_1_391' title='bbox 1672 4418 1757 4468; x_wconf 88' lang='lat' dir='ltr'>Pr.</span> <span class='ocrx_word' id='word_1_392' title='bbox 1794 4416 1837 4468; x_wconf 95' lang='grc' dir='ltr'>Λ</span> <span class='ocrx_word' id='word_1_393' title='bbox 1874 4421 1991 4471; x_wconf 79' lang='grc'>270.</span> <span class='ocrx_word' id='word_1_394' title='bbox 2106 4417 2139 4466; x_wconf 90' lang='lat' dir='ltr'>l.</span> <span class='ocrx_word' id='word_1_395' title='bbox 2180 4420 2241 4468; x_wconf 88' lang='grc'>19</span> <span class='ocrx_word' id='word_1_396' title='bbox 2280 4415 2526 4478; x_wconf 87' lang='lat' dir='ltr'><strong>titulum,</strong></span> <span class='ocrx_word' id='word_1_397' title='bbox 2565 4416 2657 4479; x_wconf 88' lang='lat' dir='ltr'><strong>qui</strong></span> <span class='ocrx_word' id='word_1_398' title='bbox 2694 4420 2781 4466; x_wconf 76' lang='lat' dir='ltr'>eet</span> <span class='ocrx_word' id='word_1_399' title='bbox 2816 4415 2874 4464; x_wconf 88' lang='lat' dir='ltr'><strong>in</strong></span> <span class='ocrx_word' id='word_1_400' title='bbox 2916 4414 3072 4464; x_wconf 72' lang='lat' dir='ltr'><strong>libris</strong></span> 
     </span>
     <span class='ocr_line' id='line_1_39' title="bbox 502 4481 3071 4550; baseline -0.001 -16"><span class='ocrx_word' id='word_1_401' title='bbox 502 4485 629 4549; x_wconf 79' lang='grc' dir='ltr'>περὶ</span> <span class='ocrx_word' id='word_1_402' title='bbox 663 4486 783 4535; x_wconf 84' lang='grc' dir='ltr'>τῶν</span> <span class='ocrx_word' id='word_1_403' title='bbox 831 4483 907 4536; x_wconf 78' lang='grc' dir='ltr'>εἰς</span> <span class='ocrx_word' id='word_1_404' title='bbox 942 4489 1009 4537; x_wconf 70' lang='grc' dir='ltr'>ὓς</span> <span class='ocrx_word' id='word_1_405' title='bbox 1044 4484 1370 4550; x_wconf 82' lang='grc' dir='ltr'>ληγόντων,</span> <span class='ocrx_word' id='word_1_406' title='bbox 1418 4487 1626 4535; x_wconf 80' lang='lat' dir='ltr'><strong>mutavi</strong></span> <span class='ocrx_word' id='word_1_407' title='bbox 1673 4486 1966 4537; x_wconf 75' lang='lat' dir='ltr'><strong>seeundum</strong></span> <span class='ocrx_word' id='word_1_408' title='bbox 2012 4485 2248 4535; x_wconf 83' lang='lat' dir='ltr'><strong>indicem</strong></span> <span class='ocrx_word' id='word_1_409' title='bbox 2290 4483 2628 4549; x_wconf 78' lang='lat' dir='ltr'><strong>singulorum</strong></span> <span class='ocrx_word' id='word_1_410' title='bbox 2671 4483 2928 4534; x_wconf 87' lang='lat' dir='ltr'><strong>librorum</strong></span> <span class='ocrx_word' id='word_1_411' title='bbox 2973 4481 3071 4531; x_wconf 84' lang='lat' dir='ltr'>Ar-</span> 
     </span>
     <span class='ocr_line' id='line_1_40' title="bbox 505 4549 3074 4637; baseline -0.001 -35"><span class='ocrx_word' id='word_1_412' title='bbox 505 4553 659 4633; x_wconf 71' lang='lat' dir='ltr'><strong>cadio</strong></span> <span class='ocrx_word' id='word_1_413' title='bbox 695 4553 1007 4618; x_wconf 80' lang='lat' dir='ltr'><strong>praefixum.</strong></span> <span class='ocrx_word' id='word_1_414' title='bbox 1110 4554 1145 4603; x_wconf 87' lang='lat'>1.</span> <span class='ocrx_word' id='word_1_415' title='bbox 1171 4557 1237 4634; x_wconf 43' lang='lat'>22·</span> <span class='ocrx_word' id='word_1_416' title='bbox 1273 4552 1560 4635; x_wconf 49' lang='lat' dir='ltr'>flflflvtxd,</span> <span class='ocrx_word' id='word_1_417' title='bbox 1601 4569 1739 4619; x_wconf 79' lang='lat' dir='ltr'><strong>quae</strong></span> <span class='ocrx_word' id='word_1_418' title='bbox 1775 4555 1946 4604; x_wconf 82' lang='lat' dir='ltr'><strong>verba</strong></span> <span class='ocrx_word' id='word_1_419' title='bbox 1971 4554 2176 4637; x_wconf 62' lang='lat' dir='ltr'><strong>omittit</strong></span> <span class='ocrx_word' id='word_1_420' title='bbox 2200 4553 2261 4615; x_wconf 84' lang='lat' dir='ltr'>C,</span> <span class='ocrx_word' id='word_1_421' title='bbox 2299 4552 2569 4637; x_wconf 63' lang='lat' dir='ltr'><strong>praebent</strong></span> <span class='ocrx_word' id='word_1_422' title='bbox 2591 4549 3074 4632; x_wconf 53' lang='lat' dir='ltr'><strong>½B3sohmidtius</strong></span> 
     </span>
     <span class='ocr_line' id='line_1_41' title="bbox 504 4616 3071 4754; baseline -0 -17"><span class='ocrx_word' id='word_1_423' title='bbox 504 4619 1794 4754; x_wconf 56' lang='lat' dir='ltr'>52113⁰0222533¹ffi2331¹mt1„xssffls‘gzniffiffi</span> <span class='ocrx_word' id='word_1_424' title='bbox 1830 4620 2246 4754; x_wconf 53' lang='grc' dir='ltr'>ῗιηῖἒέἕὲωἶ,</span> <span class='ocrx_word' id='word_1_425' title='bbox 2277 4616 2682 4754; x_wconf 54' lang='grc' dir='ltr'>ῗὲἔξῖαέιδὲὶ.</span> <span class='ocrx_word' id='word_1_426' title='bbox 2703 4635 2780 4738; x_wconf 67' lang='grc' dir='ltr'>Ἐ.</span> <span class='ocrx_word' id='word_1_427' title='bbox 2805 4633 3071 4752; x_wconf 59' lang='grc' dir='ltr'>ἶῖἶοῖἶῗ</span> 
     </span>
     <span class='ocr_line' id='line_1_42' title="bbox 504 4753 3068 4823; baseline -0 -18"><span class='ocrx_word' id='word_1_428' title='bbox 504 4770 669 4819; x_wconf 75' lang='lat' dir='ltr'><strong>quare</strong></span> <span class='ocrx_word' id='word_1_429' title='bbox 716 4761 847 4821; x_wconf 86' lang='lat' dir='ltr'><strong>puto</strong></span> <span class='ocrx_word' id='word_1_430' title='bbox 888 4754 1059 4820; x_wconf 84' lang='grc' dir='ltr'>Γηλύς</span> <span class='ocrx_word' id='word_1_431' title='bbox 1105 4759 1175 4807; x_wconf 82' lang='lat' dir='ltr'>ab</span> <span class='ocrx_word' id='word_1_432' title='bbox 1224 4758 1538 4808; x_wconf 83' lang='lat' dir='ltr'><strong>Herodiano</strong></span> <span class='ocrx_word' id='word_1_433' title='bbox 1581 4757 1785 4808; x_wconf 84' lang='lat' dir='ltr'><strong>diserte</strong></span> <span class='ocrx_word' id='word_1_434' title='bbox 1830 4763 2142 4823; x_wconf 82' lang='lat' dir='ltr'><strong>exemptum</strong></span> <span class='ocrx_word' id='word_1_435' title='bbox 2191 4772 2327 4807; x_wconf 74' lang='lat' dir='ltr'><strong>esee.</strong></span> <span class='ocrx_word' id='word_1_436' title='bbox 2365 4783 2427 4792; x_wconf 92' lang='lat'>—</span> <span class='ocrx_word' id='word_1_437' title='bbox 2464 4758 2569 4807; x_wconf 89' lang='lat' dir='ltr'>Pro</span> <span class='ocrx_word' id='word_1_438' title='bbox 2604 4753 2799 4819; x_wconf 82' lang='grc' dir='ltr'>ἄλδυς,</span> <span class='ocrx_word' id='word_1_439' title='bbox 2847 4753 2989 4820; x_wconf 82' lang='lat' dir='ltr'><strong>quod</strong></span> <span class='ocrx_word' id='word_1_440' title='bbox 3027 4753 3068 4804; x_wconf 89' lang='lat' dir='ltr'>C</span> 
     </span>
     <span class='ocr_line' id='line_1_43' title="bbox 505 4823 3071 4890; baseline 0.001 -21"><span class='ocrx_word' id='word_1_441' title='bbox 505 4823 730 4885; x_wconf 85' lang='lat' dir='ltr'><strong>omittit,</strong></span> <span class='ocrx_word' id='word_1_442' title='bbox 770 4824 1028 4874; x_wconf 84' lang='lat' dir='ltr'><strong>Schmidt.</strong></span> <span class='ocrx_word' id='word_1_443' title='bbox 1068 4826 1321 4890; x_wconf 82' lang='lat' dir='ltr'><strong>proponit</strong></span> <span class='ocrx_word' id='word_1_444' title='bbox 1357 4824 1557 4877; x_wconf 84' lang='grc' dir='ltr'>κάνδυς</span> <span class='ocrx_word' id='word_1_445' title='bbox 1594 4826 1681 4875; x_wconf 88' lang='lat' dir='ltr'>vel</span> <span class='ocrx_word' id='word_1_446' title='bbox 1720 4824 1965 4889; x_wconf 85' lang='grc' dir='ltr'>πάλμυς,</span> <span class='ocrx_word' id='word_1_447' title='bbox 2004 4841 2107 4890; x_wconf 79' lang='lat' dir='ltr'><strong>ego</strong></span> <span class='ocrx_word' id='word_1_448' title='bbox 2143 4826 2321 4876; x_wconf 77' lang='lat' dir='ltr'><strong>satius</strong></span> <span class='ocrx_word' id='word_1_449' title='bbox 2357 4824 2485 4874; x_wconf 84' lang='lat' dir='ltr'><strong>duxi</strong></span> <span class='ocrx_word' id='word_1_450' title='bbox 2517 4839 2682 4874; x_wconf 83' lang='lat' dir='ltr'><strong>unum</strong></span> <span class='ocrx_word' id='word_1_451' title='bbox 2719 4840 2786 4874; x_wconf 87' lang='lat' dir='ltr'><strong>ex</strong></span> <span class='ocrx_word' id='word_1_452' title='bbox 2823 4823 3013 4873; x_wconf 83' lang='lat' dir='ltr'><strong>multis</strong></span> <span class='ocrx_word' id='word_1_453' title='bbox 3038 4838 3071 4871; x_wconf 78' lang='lat' dir='ltr'><strong>a</strong></span> 
     </span>
     <span class='ocr_line' id='line_1_44' title="bbox 505 4888 3071 4961; baseline 0 -19"><span class='ocrx_word' id='word_1_454' title='bbox 505 4891 583 4942; x_wconf 79' lang='lat' dir='ltr'>St.</span> <span class='ocrx_word' id='word_1_455' title='bbox 621 4891 682 4942; x_wconf 91' lang='lat' dir='ltr'>B.</span> <span class='ocrx_word' id='word_1_456' title='bbox 720 4891 935 4941; x_wconf 78' lang='lat' dir='ltr'><strong>traditis</strong></span> <span class='ocrx_word' id='word_1_457' title='bbox 968 4893 1274 4944; x_wconf 78' lang='lat' dir='ltr'><strong>nominibus</strong></span> <span class='ocrx_word' id='word_1_458' title='bbox 1309 4895 1365 4943; x_wconf 90' lang='lat' dir='ltr'><strong>in</strong></span> <span class='ocrx_word' id='word_1_459' title='bbox 1401 4895 1667 4961; x_wconf 84' lang='lat' dir='ltr'><strong>principio</strong></span> <span class='ocrx_word' id='word_1_460' title='bbox 1704 4893 2067 4961; x_wconf 82' lang='lat' dir='ltr'><strong>exemplorum</strong></span> <span class='ocrx_word' id='word_1_461' title='bbox 2104 4909 2305 4961; x_wconf 81' lang='lat' dir='ltr'><strong>ponere</strong></span> <span class='ocrx_word' id='word_1_462' title='bbox 2341 4890 2505 4957; x_wconf 79' lang='grc' dir='ltr'>Λίβυ(</span> <span class='ocrx_word' id='word_1_463' title='bbox 2551 4909 2601 4960; x_wconf 87' lang='lat' dir='ltr'>p.</span> <span class='ocrx_word' id='word_1_464' title='bbox 2627 4894 2747 4957; x_wconf 80' lang='lat'>415,</span> <span class='ocrx_word' id='word_1_465' title='bbox 2787 4894 2863 4942; x_wconf 81' lang='lat'>12.</span> <span class='ocrx_word' id='word_1_466' title='bbox 2920 4888 3071 4943; x_wconf 61' lang='grc' dir='ltr'>Πόλὶ</span> 
     </span>
    </p>
   </div>
  </div>
 </body>
</html>
