<?xml version="1.0" encoding="UTF-8"?>
<!DOCTYPE html PUBLIC "-//W3C//DTD XHTML 1.0 Transitional//EN"
    "http://www.w3.org/TR/xhtml1/DTD/xhtml1-transitional.dtd">
<html xmlns="http://www.w3.org/1999/xhtml" xml:lang="en" lang="en">
 <head>
  <title>
</title>
<meta http-equiv="Content-Type" content="text/html;charset=utf-8" />
  <meta name='ocr-system' content='tesseract 3.04.00' />
  <meta name='ocr-capabilities' content='ocr_page ocr_carea ocr_par ocr_line ocrx_word'/>
</head>
<body>
  <div class='ocr_page' id='page_1' title='image "./grammaticigraec02unkngoog_0787.png"; bbox 0 0 3664 5546; ppageno 0'>
   <div class='ocr_carea' id='block_1_1' title="bbox 1200 447 3069 512">
    <p class='ocr_par' dir='ltr' id='par_1_1' title="bbox 1200 447 3069 512">
     <span class='ocr_line' id='line_1_1' title="bbox 1200 447 3069 512; baseline -0.003 -5"><span class='ocrx_word' id='word_1_1' title='bbox 1200 455 1359 508; x_wconf 88' lang='grc' dir='ltr'>ΠΕΡΙ</span> <span class='ocrx_word' id='word_1_2' title='bbox 1402 451 1796 508; x_wconf 80' lang='grc' dir='ltr'>ΚΑΘΟΛΙΚΗ(</span> <span class='ocrx_word' id='word_1_3' title='bbox 1834 449 2255 505; x_wconf 76' lang='grc' dir='ltr'>ΠΡΟΕΩιΔΙΑ(</span> <span class='ocrx_word' id='word_1_4' title='bbox 2297 451 2350 503; x_wconf 90' lang='grc' dir='ltr'>Κ.</span> <span class='ocrx_word' id='word_1_5' title='bbox 2542 447 2551 454; x_wconf 68' lang='grc'><strong>’</strong></span> <span class='ocrx_word' id='word_1_6' title='bbox 2947 449 3069 512; x_wconf 77' lang='lat'>541</span> 
     </span>
    </p>
   </div>
   <div class='ocr_carea' id='block_1_2' title="bbox 456 618 3133 1112">
    <p class='ocr_par' dir='ltr' id='par_1_2' title="bbox 456 618 3133 1112">
     <span class='ocr_line' id='line_1_2' title="bbox 487 618 3073 703; baseline -0.003 -13"><span class='ocrx_word' id='word_1_7' title='bbox 487 627 550 690; x_wconf 81' lang='grc' dir='ltr'>οἱ</span> <span class='ocrx_word' id='word_1_8' title='bbox 594 627 899 703; x_wconf 84' lang='grc' dir='ltr'>νεώτεροι</span> <span class='ocrx_word' id='word_1_9' title='bbox 943 627 1056 701; x_wconf 88' lang='grc' dir='ltr'>τὴν</span> <span class='ocrx_word' id='word_1_10' title='bbox 1104 623 1345 702; x_wconf 88' lang='grc' dir='ltr'>ἅμαξαν</span> <span class='ocrx_word' id='word_1_11' title='bbox 1392 623 1797 702; x_wconf 87' lang='grc' dir='ltr'>δαςύνουςιν,</span> <span class='ocrx_word' id='word_1_12' title='bbox 1852 620 2003 684; x_wconf 85' lang='grc' dir='ltr'>ἴςως</span> <span class='ocrx_word' id='word_1_13' title='bbox 2030 620 2153 683; x_wconf 79' lang='grc' dir='ltr'>διὰ</span> <span class='ocrx_word' id='word_1_14' title='bbox 2196 620 2313 683; x_wconf 91' lang='grc' dir='ltr'>τὸν</span> <span class='ocrx_word' id='word_1_15' title='bbox 2362 620 2779 698; x_wconf 88' lang='grc' dir='ltr'>ςχηματιςμὸν</span> <span class='ocrx_word' id='word_1_16' title='bbox 2823 620 2927 683; x_wconf 86' lang='grc' dir='ltr'>καὶ</span> <span class='ocrx_word' id='word_1_17' title='bbox 2969 618 3073 683; x_wconf 86' lang='grc' dir='ltr'>διὰ</span> 
     </span>
     <span class='ocr_line' id='line_1_3' title="bbox 486 719 3074 808; baseline -0.003 -18"><span class='ocrx_word' id='word_1_18' title='bbox 486 729 560 790; x_wconf 91' lang='grc' dir='ltr'>τὸ</span> <span class='ocrx_word' id='word_1_19' title='bbox 607 729 908 806; x_wconf 82' lang='grc' dir='ltr'>φιληδεῖν</span> <span class='ocrx_word' id='word_1_20' title='bbox 953 732 1029 808; x_wconf 86' lang='grc' dir='ltr'>τῇ</span> <span class='ocrx_word' id='word_1_21' title='bbox 1076 724 1318 808; x_wconf 87' lang='grc' dir='ltr'>δαςείᾳ·</span> <span class='ocrx_word' id='word_1_22' title='bbox 1366 723 1549 788; x_wconf 84' lang='grc' dir='ltr'>ἔνθεν</span> <span class='ocrx_word' id='word_1_23' title='bbox 1595 723 1755 800; x_wconf 82' lang='grc' dir='ltr'>παρ’</span> <span class='ocrx_word' id='word_1_24' title='bbox 1800 722 2022 786; x_wconf 83' lang='grc' dir='ltr'>αὐτοῖς</span> <span class='ocrx_word' id='word_1_25' title='bbox 2066 721 2168 785; x_wconf 88' lang='grc' dir='ltr'>καὶ</span> <span class='ocrx_word' id='word_1_26' title='bbox 2210 721 2249 798; x_wconf 87' lang='grc' dir='ltr'>ἡ</span> <span class='ocrx_word' id='word_1_27' title='bbox 2296 721 2651 799; x_wconf 83' lang='grc' dir='ltr'>ςυναλοιφὴ</span> <span class='ocrx_word' id='word_1_28' title='bbox 2697 720 2801 783; x_wconf 89' lang='grc' dir='ltr'>διὰ</span> <span class='ocrx_word' id='word_1_29' title='bbox 2846 719 3074 783; x_wconf 90' lang='grc' dir='ltr'>δαςέος</span> 
     </span>
     <span class='ocr_line' id='line_1_4' title="bbox 490 819 3073 907; baseline -0.003 -15"><span class='ocrx_word' id='word_1_30' title='bbox 490 828 1107 907; x_wconf 82' lang='grc' dir='ltr'>«καθημαξευμένα».</span> <span class='ocrx_word' id='word_1_31' title='bbox 1193 827 1270 890; x_wconf 90' lang='grc' dir='ltr'>τὸ</span> <span class='ocrx_word' id='word_1_32' title='bbox 1316 826 1589 904; x_wconf 87' lang='grc' dir='ltr'>ἄμυδις</span> <span class='ocrx_word' id='word_1_33' title='bbox 1645 823 1971 902; x_wconf 90' lang='grc' dir='ltr'>ψιλωτέον</span> <span class='ocrx_word' id='word_1_34' title='bbox 2027 822 2229 886; x_wconf 87' lang='grc' dir='ltr'>καίτοι</span> <span class='ocrx_word' id='word_1_35' title='bbox 2285 822 2461 900; x_wconf 88' lang='grc' dir='ltr'>παρὰ</span> <span class='ocrx_word' id='word_1_36' title='bbox 2514 822 2590 885; x_wconf 91' lang='grc' dir='ltr'>τὸ</span> <span class='ocrx_word' id='word_1_37' title='bbox 2635 819 2763 899; x_wconf 84' lang='grc' dir='ltr'>ἅμα</span> <span class='ocrx_word' id='word_1_38' title='bbox 2811 820 3073 899; x_wconf 87' lang='grc' dir='ltr'>γενόμε-</span> 
     </span>
     <span class='ocr_line' id='line_1_5' title="bbox 456 911 3075 1011; baseline -0.003 -18"><span class='ocrx_word' id='word_1_39' title='bbox 456 938 635 1011; x_wconf 84' lang='grc' dir='ltr'>νον,</span> <span class='ocrx_word' id='word_1_40' title='bbox 691 928 831 992; x_wconf 87' lang='grc' dir='ltr'>ἐπεὶ</span> <span class='ocrx_word' id='word_1_41' title='bbox 883 928 1178 992; x_wconf 84' lang='grc' dir='ltr'>Αἰολικὸν</span> <span class='ocrx_word' id='word_1_42' title='bbox 1238 911 1600 1004; x_wconf 86' lang='grc' dir='ltr'>χαρακτῆρα</span> <span class='ocrx_word' id='word_1_43' title='bbox 1666 925 2024 990; x_wconf 82' lang='grc' dir='ltr'>ἀνεδέξατο.</span> <span class='ocrx_word' id='word_1_44' title='bbox 2132 922 2343 988; x_wconf 91' lang='grc' dir='ltr'>Νικίας</span> <span class='ocrx_word' id='word_1_45' title='bbox 2399 924 2514 1003; x_wconf 80' lang='grc' dir='ltr'>μὲν</span> <span class='ocrx_word' id='word_1_46' title='bbox 2575 923 2677 986; x_wconf 86' lang='grc' dir='ltr'>καὶ</span> <span class='ocrx_word' id='word_1_47' title='bbox 2730 921 3075 1001; x_wconf 89' lang='grc' dir='ltr'>Πάμφιλος</span> 
     </span>
     <span class='ocr_line' id='line_1_6' title="bbox 485 1021 3133 1112; baseline -0.004 -17"><span class='ocrx_word' id='word_1_48' title='bbox 485 1031 894 1112; x_wconf 89' lang='grc' dir='ltr'>δαςύνουςιν,</span> <span class='ocrx_word' id='word_1_49' title='bbox 942 1029 1080 1092; x_wconf 87' lang='grc' dir='ltr'>ἐπεὶ</span> <span class='ocrx_word' id='word_1_50' title='bbox 1122 1028 1297 1105; x_wconf 89' lang='grc' dir='ltr'>παρὰ</span> <span class='ocrx_word' id='word_1_51' title='bbox 1340 1028 1415 1090; x_wconf 91' lang='grc' dir='ltr'>τὸ</span> <span class='ocrx_word' id='word_1_52' title='bbox 1462 1026 1590 1106; x_wconf 84' lang='grc' dir='ltr'>ἅμα</span> <span class='ocrx_word' id='word_1_53' title='bbox 1634 1027 1910 1102; x_wconf 85' lang='grc' dir='ltr'>ἐγένετο.</span> <span class='ocrx_word' id='word_1_54' title='bbox 1978 1024 2016 1088; x_wconf 88' lang='grc' dir='ltr'>ὁ</span> <span class='ocrx_word' id='word_1_55' title='bbox 2061 1026 2133 1089; x_wconf 83' lang='grc' dir='ltr'>δὲ</span> <span class='ocrx_word' id='word_1_56' title='bbox 2177 1023 2630 1102; x_wconf 78' lang='grc' dir='ltr'>Ἀςκαλωνίτης</span> <span class='ocrx_word' id='word_1_57' title='bbox 2675 1024 2777 1088; x_wconf 84' lang='grc' dir='ltr'>καὶ</span> <span class='ocrx_word' id='word_1_58' title='bbox 2821 1021 2883 1088; x_wconf 87' lang='grc' dir='ltr'>οἱ</span> <span class='ocrx_word' id='word_1_59' title='bbox 2927 1023 3073 1102; x_wconf 87' lang='grc' dir='ltr'>περὶ</span> <span class='ocrx_word' id='word_1_60' title='bbox 3101 1036 3133 1085; x_wconf 78' lang='lat'>5</span> 
     </span>
    </p>
   </div>
   <div class='ocr_carea' id='block_1_3' title="bbox 353 1124 3074 1220">
    <p class='ocr_par' dir='ltr' id='par_1_3' title="bbox 353 1124 3074 1220">
     <span class='ocr_line' id='line_1_7' title="bbox 353 1124 3074 1220; baseline -0.003 -23"><span class='ocrx_word' id='word_1_61' title='bbox 353 1199 378 1220; x_wconf 57' lang='lat'><strong>.</strong></span> <span class='ocrx_word' id='word_1_62' title='bbox 485 1132 826 1198; x_wconf 86' lang='grc' dir='ltr'>Ἀλεξίωνα</span> <span class='ocrx_word' id='word_1_63' title='bbox 869 1133 1199 1212; x_wconf 86' lang='grc' dir='ltr'>ψιλοῡςιν,</span> <span class='ocrx_word' id='word_1_64' title='bbox 1246 1129 1417 1192; x_wconf 87' lang='grc' dir='ltr'>πολὺ</span> <span class='ocrx_word' id='word_1_65' title='bbox 1463 1131 1534 1192; x_wconf 80' lang='grc' dir='ltr'>δὲ</span> <span class='ocrx_word' id='word_1_66' title='bbox 1563 1129 1884 1207; x_wconf 89' lang='grc' dir='ltr'>πρότερον</span> <span class='ocrx_word' id='word_1_67' title='bbox 1916 1127 2017 1190; x_wconf 90' lang='grc' dir='ltr'>καὶ</span> <span class='ocrx_word' id='word_1_68' title='bbox 2061 1124 2124 1189; x_wconf 81' lang='grc' dir='ltr'>οἱ</span> <span class='ocrx_word' id='word_1_69' title='bbox 2167 1127 2314 1204; x_wconf 87' lang='grc' dir='ltr'>περὶ</span> <span class='ocrx_word' id='word_1_70' title='bbox 2353 1125 2790 1207; x_wconf 86' lang='grc' dir='ltr'>Ἀρίςταρχον,</span> <span class='ocrx_word' id='word_1_71' title='bbox 2834 1125 3074 1208; x_wconf 79' lang='grc' dir='ltr'>καθότι,</span> 
     </span>
    </p>
   </div>
   <div class='ocr_carea' id='block_1_4' title="bbox 485 1227 3183 3234">
    <p class='ocr_par' dir='ltr' id='par_1_4' title="bbox 485 1227 3181 2409">
     <span class='ocr_line' id='line_1_8' title="bbox 485 1227 3074 1314; baseline -0.003 -16"><span class='ocrx_word' id='word_1_72' title='bbox 485 1235 668 1314; x_wconf 87' lang='grc' dir='ltr'>φαςί,</span> <span class='ocrx_word' id='word_1_73' title='bbox 725 1235 902 1311; x_wconf 86' lang='grc' dir='ltr'>φιλεῖ</span> <span class='ocrx_word' id='word_1_74' title='bbox 954 1253 1094 1295; x_wconf 87' lang='grc' dir='ltr'>πως</span> <span class='ocrx_word' id='word_1_75' title='bbox 1151 1231 1228 1294; x_wconf 88' lang='grc' dir='ltr'>τὰ</span> <span class='ocrx_word' id='word_1_76' title='bbox 1284 1229 1415 1293; x_wconf 89' lang='grc' dir='ltr'>ἀπὸ</span> <span class='ocrx_word' id='word_1_77' title='bbox 1472 1230 1717 1294; x_wconf 87' lang='grc' dir='ltr'>δαςέων</span> <span class='ocrx_word' id='word_1_78' title='bbox 1773 1229 2083 1292; x_wconf 87' lang='grc' dir='ltr'>πολλάκις</span> <span class='ocrx_word' id='word_1_79' title='bbox 2139 1227 2795 1306; x_wconf 79' lang='grc' dir='ltr'>μεταςχηματιζόμενα</span> <span class='ocrx_word' id='word_1_80' title='bbox 2846 1229 3074 1304; x_wconf 85' lang='grc' dir='ltr'>ψιλοῦ-</span> 
     </span>
     <span class='ocr_line' id='line_1_9' title="bbox 487 1327 3076 1416; baseline -0.002 -19"><span class='ocrx_word' id='word_1_81' title='bbox 487 1340 654 1416; x_wconf 89' lang='grc' dir='ltr'>ςθαι,</span> <span class='ocrx_word' id='word_1_82' title='bbox 721 1332 925 1412; x_wconf 88' lang='grc' dir='ltr'>ἡμέρα</span> <span class='ocrx_word' id='word_1_83' title='bbox 983 1332 1180 1414; x_wconf 86' lang='grc' dir='ltr'>ἦμαρ,</span> <span class='ocrx_word' id='word_1_84' title='bbox 1247 1331 1451 1409; x_wconf 85' lang='grc' dir='ltr'>ἡδονή</span> <span class='ocrx_word' id='word_1_85' title='bbox 1517 1331 1689 1409; x_wconf 84' lang='grc' dir='ltr'>ἦδος.</span> <span class='ocrx_word' id='word_1_86' title='bbox 1791 1330 2124 1408; x_wconf 90' lang='grc' dir='ltr'>πρόδηλον</span> <span class='ocrx_word' id='word_1_87' title='bbox 2190 1330 2260 1393; x_wconf 85' lang='grc' dir='ltr'>δέ</span> <span class='ocrx_word' id='word_1_88' title='bbox 2324 1327 2442 1392; x_wconf 91' lang='grc' dir='ltr'>κάκ</span> <span class='ocrx_word' id='word_1_89' title='bbox 2507 1331 2618 1406; x_wconf 92' lang='grc' dir='ltr'>τῆς</span> <span class='ocrx_word' id='word_1_90' title='bbox 2684 1329 3076 1407; x_wconf 89' lang='grc' dir='ltr'>ςυναλοιφῆς</span> 
     </span>
     <span class='ocr_line' id='line_1_10' title="bbox 489 1428 3078 1512; baseline -0.003 -13"><span class='ocrx_word' id='word_1_91' title='bbox 489 1433 724 1499; x_wconf 78' lang='grc' dir='ltr'>«πάντ’</span> <span class='ocrx_word' id='word_1_92' title='bbox 791 1433 1014 1512; x_wconf 87' lang='grc' dir='ltr'>ἄμυδις</span> <span class='ocrx_word' id='word_1_93' title='bbox 1079 1435 1402 1512; x_wconf 80' lang='grc' dir='ltr'>κεφαλῆς»</span> <span class='ocrx_word' id='word_1_94' title='bbox 1463 1428 1570 1512; x_wconf 87' lang='grc' dir='ltr'><strong>(ΙΙ.</strong></span> <span class='ocrx_word' id='word_1_95' title='bbox 1620 1432 1684 1495; x_wconf 96' lang='grc' dir='ltr'>Μ</span> <span class='ocrx_word' id='word_1_96' title='bbox 1741 1430 1913 1512; x_wconf 81' lang='grc'>385).</span> <span class='ocrx_word' id='word_1_97' title='bbox 1990 1428 2205 1509; x_wconf 84' lang='grc' dir='ltr'>’ἐχρῆν</span> <span class='ocrx_word' id='word_1_98' title='bbox 2267 1431 2339 1494; x_wconf 78' lang='grc' dir='ltr'>δὲ</span> <span class='ocrx_word' id='word_1_99' title='bbox 2404 1429 2641 1494; x_wconf 86' lang='grc' dir='ltr'>αὐτοὺς</span> <span class='ocrx_word' id='word_1_100' title='bbox 2707 1432 3078 1507; x_wconf 87' lang='grc' dir='ltr'>προςθεῑναι</span> 
     </span>
     <span class='ocr_line' id='line_1_11' title="bbox 487 1528 3181 1617; baseline -0.002 -18"><span class='ocrx_word' id='word_1_101' title='bbox 487 1536 731 1617; x_wconf 83' lang='grc' dir='ltr'>ἐκεῖνο,</span> <span class='ocrx_word' id='word_1_102' title='bbox 779 1535 869 1599; x_wconf 81' lang='grc' dir='ltr'>ὡς</span> <span class='ocrx_word' id='word_1_103' title='bbox 914 1534 1010 1598; x_wconf 89' lang='grc' dir='ltr'>ὅτι</span> <span class='ocrx_word' id='word_1_104' title='bbox 1055 1536 1131 1597; x_wconf 93' lang='grc' dir='ltr'>τὸ</span> <span class='ocrx_word' id='word_1_105' title='bbox 1177 1533 1435 1597; x_wconf 85' lang='grc' dir='ltr'>ἄλλυδις</span> <span class='ocrx_word' id='word_1_106' title='bbox 1481 1535 1583 1596; x_wconf 85' lang='grc' dir='ltr'>καὶ</span> <span class='ocrx_word' id='word_1_107' title='bbox 1626 1531 1850 1611; x_wconf 85' lang='grc' dir='ltr'>ἄμυδις</span> <span class='ocrx_word' id='word_1_108' title='bbox 1894 1533 1997 1596; x_wconf 89' lang='grc' dir='ltr'>καὶ</span> <span class='ocrx_word' id='word_1_109' title='bbox 2037 1531 2371 1610; x_wconf 84' lang='grc' dir='ltr'>ἐξαιρέτως</span> <span class='ocrx_word' id='word_1_110' title='bbox 2413 1529 2627 1609; x_wconf 88' lang='grc' dir='ltr'>τρίτην</span> <span class='ocrx_word' id='word_1_111' title='bbox 2672 1528 2804 1594; x_wconf 88' lang='grc' dir='ltr'>ἀπὸ</span> <span class='ocrx_word' id='word_1_112' title='bbox 2848 1530 3077 1594; x_wconf 89' lang='grc' dir='ltr'>τέλους</span> <span class='ocrx_word' id='word_1_113' title='bbox 3116 1542 3181 1593; x_wconf 88' lang='grc'>10</span> 
     </span>
     <span class='ocr_line' id='line_1_12' title="bbox 489 1629 3078 1718; baseline -0.002 -18"><span class='ocrx_word' id='word_1_114' title='bbox 489 1637 619 1715; x_wconf 84' lang='grc' dir='ltr'>ἔχει</span> <span class='ocrx_word' id='word_1_115' title='bbox 666 1637 782 1714; x_wconf 86' lang='grc' dir='ltr'>τὴν</span> <span class='ocrx_word' id='word_1_116' title='bbox 829 1636 1074 1716; x_wconf 86' lang='grc' dir='ltr'>ὀξεῖαν,</span> <span class='ocrx_word' id='word_1_117' title='bbox 1131 1636 1229 1699; x_wconf 88' lang='grc' dir='ltr'>καὶ</span> <span class='ocrx_word' id='word_1_118' title='bbox 1287 1640 1363 1718; x_wconf 86' lang='grc' dir='ltr'>τῇ</span> <span class='ocrx_word' id='word_1_119' title='bbox 1417 1634 1876 1715; x_wconf 83' lang='grc' dir='ltr'>παραληγούςῃ</span> <span class='ocrx_word' id='word_1_120' title='bbox 1921 1633 2220 1716; x_wconf 82' lang='grc' dir='ltr'>ἐξαιρέτῳ</span> <span class='ocrx_word' id='word_1_121' title='bbox 2266 1629 2647 1715; x_wconf 87' lang='grc' dir='ltr'>ἐχρήςαντο,</span> <span class='ocrx_word' id='word_1_122' title='bbox 2701 1632 2740 1715; x_wconf 86' lang='grc' dir='ltr'>ᾗ</span> <span class='ocrx_word' id='word_1_123' title='bbox 2798 1631 2905 1695; x_wconf 88' lang='grc' dir='ltr'>διὰ</span> <span class='ocrx_word' id='word_1_124' title='bbox 2959 1634 3078 1696; x_wconf 83' lang='grc' dir='ltr'>τοῦ</span> 
     </span>
     <span class='ocr_line' id='line_1_13' title="bbox 489 1732 3076 1816; baseline -0.002 -15"><span class='ocrx_word' id='word_1_125' title='bbox 489 1742 526 1801; x_wconf 84' lang='grc' dir='ltr'>ῡ</span> <span class='ocrx_word' id='word_1_126' title='bbox 581 1738 1017 1816; x_wconf 86' lang='grc' dir='ltr'>ἐξηνέχθηςαν.</span> <span class='ocrx_word' id='word_1_127' title='bbox 1114 1737 1308 1814; x_wconf 83' lang='grc' dir='ltr'>ἐχρῆν</span> <span class='ocrx_word' id='word_1_128' title='bbox 1365 1734 1485 1799; x_wconf 85' lang='grc' dir='ltr'>οὖν</span> <span class='ocrx_word' id='word_1_129' title='bbox 1553 1734 1778 1814; x_wconf 89' lang='grc' dir='ltr'>ἀμάδις</span> <span class='ocrx_word' id='word_1_130' title='bbox 1841 1755 1900 1798; x_wconf 91' lang='grc' dir='ltr'>τι</span> <span class='ocrx_word' id='word_1_131' title='bbox 1965 1732 2129 1798; x_wconf 82' lang='grc' dir='ltr'>εἶναι</span> <span class='ocrx_word' id='word_1_132' title='bbox 2199 1734 2290 1798; x_wconf 84' lang='grc' dir='ltr'>ὡς</span> <span class='ocrx_word' id='word_1_133' title='bbox 2353 1733 2638 1812; x_wconf 87' lang='grc' dir='ltr'>χαμάδις.</span> <span class='ocrx_word' id='word_1_134' title='bbox 2735 1734 2944 1811; x_wconf 86' lang='grc' dir='ltr'>τροπὴ</span> <span class='ocrx_word' id='word_1_135' title='bbox 3006 1734 3076 1796; x_wconf 82' lang='grc' dir='ltr'>δὲ</span> 
     </span>
     <span class='ocr_line' id='line_1_14' title="bbox 488 1833 3077 1919; baseline -0.002 -17"><span class='ocrx_word' id='word_1_136' title='bbox 488 1839 746 1915; x_wconf 86' lang='grc' dir='ltr'>ἐγένετο</span> <span class='ocrx_word' id='word_1_137' title='bbox 803 1842 920 1902; x_wconf 86' lang='grc' dir='ltr'>τοῦ</span> <span class='ocrx_word' id='word_1_138' title='bbox 976 1840 1017 1900; x_wconf 86' lang='grc' dir='ltr'>ἇ</span> <span class='ocrx_word' id='word_1_139' title='bbox 1072 1837 1162 1901; x_wconf 89' lang='grc' dir='ltr'>εἰς</span> <span class='ocrx_word' id='word_1_140' title='bbox 1216 1838 1291 1900; x_wconf 86' lang='grc' dir='ltr'>τὸ</span> <span class='ocrx_word' id='word_1_141' title='bbox 1351 1842 1419 1919; x_wconf 82' lang='grc' dir='ltr'>ὖ,</span> <span class='ocrx_word' id='word_1_142' title='bbox 1486 1836 1577 1900; x_wconf 80' lang='grc' dir='ltr'>ὡς</span> <span class='ocrx_word' id='word_1_143' title='bbox 1632 1835 1709 1900; x_wconf 90' lang='grc' dir='ltr'>τὸ</span> <span class='ocrx_word' id='word_1_144' title='bbox 1764 1836 1985 1914; x_wconf 89' lang='grc' dir='ltr'>ςάρκες</span> <span class='ocrx_word' id='word_1_145' title='bbox 2039 1835 2275 1914; x_wconf 87' lang='grc' dir='ltr'>ςύρκες.</span> <span class='ocrx_word' id='word_1_146' title='bbox 2373 1836 2477 1898; x_wconf 86' lang='grc' dir='ltr'>καὶ</span> <span class='ocrx_word' id='word_1_147' title='bbox 2531 1834 2670 1899; x_wconf 86' lang='grc' dir='ltr'>ἐπεὶ</span> <span class='ocrx_word' id='word_1_148' title='bbox 2720 1833 2978 1912; x_wconf 82' lang='grc' dir='ltr'>Αίολικὴ</span> <span class='ocrx_word' id='word_1_149' title='bbox 3037 1834 3077 1911; x_wconf 86' lang='grc' dir='ltr'>ἡ</span> 
     </span>
     <span class='ocr_line' id='line_1_15' title="bbox 487 1934 3077 2028; baseline -0.002 -23"><span class='ocrx_word' id='word_1_150' title='bbox 487 1942 727 2022; x_wconf 88' lang='grc' dir='ltr'>τροπή,</span> <span class='ocrx_word' id='word_1_151' title='bbox 783 1939 885 2003; x_wconf 87' lang='grc' dir='ltr'>καὶ</span> <span class='ocrx_word' id='word_1_152' title='bbox 950 1938 987 2002; x_wconf 87' lang='grc' dir='ltr'>ὁ</span> <span class='ocrx_word' id='word_1_153' title='bbox 1043 1940 1235 2002; x_wconf 91' lang='grc' dir='ltr'>τόνος</span> <span class='ocrx_word' id='word_1_154' title='bbox 1277 1937 1569 2001; x_wconf 80' lang='grc' dir='ltr'>Αἰολικὸς</span> <span class='ocrx_word' id='word_1_155' title='bbox 1626 1937 2180 2028; x_wconf 34' lang='grc' dir='ltr'>καὶ,τὸ-πνεῦμα.</span> <span class='ocrx_word' id='word_1_156' title='bbox 2226 1971 2313 1983; x_wconf 88' lang='lat'>-—-</span> <span class='ocrx_word' id='word_1_157' title='bbox 2354 1937 2430 1999; x_wconf 91' lang='grc' dir='ltr'>τὸ</span> <span class='ocrx_word' id='word_1_158' title='bbox 2486 1934 2907 2015; x_wconf 86' lang='grc' dir='ltr'>ἁμαρτάνω</span> <span class='ocrx_word' id='word_1_159' title='bbox 2953 1935 3077 2000; x_wconf 86' lang='grc' dir='ltr'>δεί-</span> 
     </span>
     <span class='ocr_line' id='line_1_16' title="bbox 489 2036 3179 2120; baseline -0.002 -15"><span class='ocrx_word' id='word_1_160' title='bbox 489 2062 706 2105; x_wconf 88' lang='grc' dir='ltr'>κνυται</span> <span class='ocrx_word' id='word_1_161' title='bbox 760 2041 863 2104; x_wconf 86' lang='grc' dir='ltr'>καὶ</span> <span class='ocrx_word' id='word_1_162' title='bbox 917 2039 986 2103; x_wconf 90' lang='grc' dir='ltr'>ἐκ</span> <span class='ocrx_word' id='word_1_163' title='bbox 1040 2043 1152 2116; x_wconf 89' lang='grc' dir='ltr'>τῆς</span> <span class='ocrx_word' id='word_1_164' title='bbox 1207 2042 1597 2118; x_wconf 85' lang='grc' dir='ltr'>ςυναλοιφῆς</span> <span class='ocrx_word' id='word_1_165' title='bbox 1653 2040 2123 2120; x_wconf 89' lang='grc' dir='ltr'>δαςυνόμενον,</span> <span class='ocrx_word' id='word_1_166' title='bbox 2182 2037 2614 2117; x_wconf 83' lang='grc' dir='ltr'>ἐφαμαρτάνω</span> <span class='ocrx_word' id='word_1_167' title='bbox 2657 2036 2797 2115; x_wconf 87' lang='grc' dir='ltr'>γάρ.</span> <span class='ocrx_word' id='word_1_168' title='bbox 2884 2037 2961 2100; x_wconf 91' lang='grc' dir='ltr'>τὸ</span> <span class='ocrx_word' id='word_1_169' title='bbox 3006 2038 3077 2100; x_wconf 83' lang='grc' dir='ltr'>δὲ</span> <span class='ocrx_word' id='word_1_170' title='bbox 3119 2050 3179 2100; x_wconf 81' lang='grc'>15</span> 
     </span>
     <span class='ocr_line' id='line_1_17' title="bbox 489 2136 3077 2230; baseline -0.002 -25"><span class='ocrx_word' id='word_1_171' title='bbox 489 2141 690 2221; x_wconf 85' lang='grc' dir='ltr'>ἀμόν</span> <span class='ocrx_word' id='word_1_172' title='bbox 735 2141 818 2223; x_wconf 93' lang='grc' dir='ltr'>(Ζ</span> <span class='ocrx_word' id='word_1_173' title='bbox 859 2138 1014 2221; x_wconf 88' lang='grc'>414)</span> <span class='ocrx_word' id='word_1_174' title='bbox 1058 2140 1422 2218; x_wconf 87' lang='grc' dir='ltr'>Δημήτριός</span> <span class='ocrx_word' id='word_1_175' title='bbox 1467 2161 1617 2219; x_wconf 87' lang='grc' dir='ltr'>φηςι</span> <span class='ocrx_word' id='word_1_176' title='bbox 1661 2139 1801 2204; x_wconf 83' lang='grc' dir='ltr'>ἀντὶ</span> <span class='ocrx_word' id='word_1_177' title='bbox 1844 2143 1961 2204; x_wconf 82' lang='grc' dir='ltr'>τοῦ</span> <span class='ocrx_word' id='word_1_178' title='bbox 2006 2138 2197 2230; x_wconf 36' lang='grc' dir='ltr'>ἐμόν,</span> <span class='ocrx_word' id='word_1_179' title='bbox 2245 2139 2347 2202; x_wconf 91' lang='grc' dir='ltr'>διὸ</span> <span class='ocrx_word' id='word_1_180' title='bbox 2392 2139 2494 2202; x_wconf 90' lang='grc' dir='ltr'>καὶ</span> <span class='ocrx_word' id='word_1_181' title='bbox 2539 2136 2832 2215; x_wconf 87' lang='grc' dir='ltr'>ἄντικρυς</span> <span class='ocrx_word' id='word_1_182' title='bbox 2874 2139 3077 2215; x_wconf 85' lang='grc' dir='ltr'>ψιλοῖ.</span> 
     </span>
     <span class='ocr_line' id='line_1_18' title="bbox 490 2237 3076 2320; baseline -0.002 -14"><span class='ocrx_word' id='word_1_183' title='bbox 490 2245 932 2320; x_wconf 85' lang='grc' dir='ltr'>πιθανώτερον</span> <span class='ocrx_word' id='word_1_184' title='bbox 978 2241 1048 2305; x_wconf 87' lang='grc' dir='ltr'>δέ</span> <span class='ocrx_word' id='word_1_185' title='bbox 1099 2241 1220 2305; x_wconf 87' lang='grc' dir='ltr'>ἐςτι</span> <span class='ocrx_word' id='word_1_186' title='bbox 1267 2241 1738 2319; x_wconf 85' lang='grc' dir='ltr'>Δωρικώτερον</span> <span class='ocrx_word' id='word_1_187' title='bbox 1784 2240 1949 2304; x_wconf 88' lang='grc' dir='ltr'>εἶναι</span> <span class='ocrx_word' id='word_1_188' title='bbox 2005 2240 2149 2304; x_wconf 83' lang='grc' dir='ltr'>ἀντὶ</span> <span class='ocrx_word' id='word_1_189' title='bbox 2191 2243 2309 2304; x_wconf 85' lang='grc' dir='ltr'>τοῦ</span> <span class='ocrx_word' id='word_1_190' title='bbox 2353 2239 2666 2318; x_wconf 88' lang='grc' dir='ltr'>ἡμέτερον</span> <span class='ocrx_word' id='word_1_191' title='bbox 2710 2237 2891 2318; x_wconf 89' lang='grc' dir='ltr'>ἀμόν.</span> <span class='ocrx_word' id='word_1_192' title='bbox 2968 2237 3076 2301; x_wconf 85' lang='grc' dir='ltr'>οὕ-</span> 
     </span>
     <span class='ocr_line' id='line_1_19' title="bbox 490 2344 2201 2409; baseline -0.004 0"><span class='ocrx_word' id='word_1_193' title='bbox 490 2366 615 2409; x_wconf 86' lang='grc' dir='ltr'>τως</span> <span class='ocrx_word' id='word_1_194' title='bbox 659 2344 1112 2409; x_wconf 77' lang='grc' dir='ltr'>Ἀπολλώνιος</span> <span class='ocrx_word' id='word_1_195' title='bbox 2194 2393 2201 2402; x_wconf 85' lang='grc'><em>,</em></span> 
     </span>
    </p>

    <p class='ocr_par' dir='ltr' id='par_1_5' title="bbox 492 2439 3183 2626">
     <span class='ocr_line' id='line_1_20' title="bbox 658 2439 3078 2527; baseline -0.002 -16"><span class='ocrx_word' id='word_1_196' title='bbox 658 2447 747 2511; x_wconf 89' lang='grc' dir='ltr'>Τὸ</span> <span class='ocrx_word' id='word_1_197' title='bbox 792 2447 849 2527; x_wconf 42' lang='grc' dir='ltr'>,ἇ</span> <span class='ocrx_word' id='word_1_198' title='bbox 914 2444 1390 2522; x_wconf 81' lang='grc' dir='ltr'>ἐπιφερομένου</span> <span class='ocrx_word' id='word_1_199' title='bbox 1435 2447 1552 2505; x_wconf 85' lang='grc' dir='ltr'>τοῦ</span> <span class='ocrx_word' id='word_1_200' title='bbox 1599 2446 1635 2505; x_wconf 61' lang='lat' dir='ltr'>{a</span> <span class='ocrx_word' id='word_1_201' title='bbox 1680 2446 2014 2524; x_wconf 87' lang='grc' dir='ltr'>ψιλοῦται,</span> <span class='ocrx_word' id='word_1_202' title='bbox 2070 2442 2391 2526; x_wconf 88' lang='grc' dir='ltr'>ἄνεμος,</span> <span class='ocrx_word' id='word_1_203' title='bbox 2449 2440 2752 2523; x_wconf 80' lang='grc' dir='ltr'>ἀντίος,</span> <span class='ocrx_word' id='word_1_204' title='bbox 2810 2439 3078 2506; x_wconf 89' lang='grc' dir='ltr'>ἄνυςις</span> 
     </span>
     <span class='ocr_line' id='line_1_21' title="bbox 492 2543 3183 2626; baseline -0.002 -13"><span class='ocrx_word' id='word_1_205' title='bbox 492 2550 660 2626; x_wconf 87' lang='grc' dir='ltr'>πλὴν</span> <span class='ocrx_word' id='word_1_206' title='bbox 706 2550 822 2610; x_wconf 86' lang='grc' dir='ltr'>τοῦ</span> <span class='ocrx_word' id='word_1_207' title='bbox 868 2544 1111 2608; x_wconf 89' lang='grc' dir='ltr'>ἀνδάν</span> <span class='ocrx_word' id='word_1_208' title='bbox 1127 2565 1197 2606; x_wconf 93' lang='grc' dir='ltr'>ω.</span> <span class='ocrx_word' id='word_1_209' title='bbox 1283 2544 1359 2607; x_wconf 92' lang='grc' dir='ltr'>τὸ</span> <span class='ocrx_word' id='word_1_210' title='bbox 1405 2543 1615 2607; x_wconf 89' lang='grc' dir='ltr'>ἀνύω</span> <span class='ocrx_word' id='word_1_211' title='bbox 1660 2544 1928 2607; x_wconf 88' lang='grc' dir='ltr'>Ἀττικοὶ</span> <span class='ocrx_word' id='word_1_212' title='bbox 1972 2543 2324 2607; x_wconf 84' lang='grc' dir='ltr'>δαςύνουςι.</span> <span class='ocrx_word' id='word_1_213' title='bbox 3114 2558 3183 2608; x_wconf 75' lang='lat'>20</span> 
     </span>
    </p>

    <p class='ocr_par' dir='ltr' id='par_1_6' title="bbox 490 2643 3182 3132">
     <span class='ocr_line' id='line_1_22' title="bbox 661 2643 3129 2727; baseline -0.001 -15"><span class='ocrx_word' id='word_1_214' title='bbox 661 2648 751 2712; x_wconf 89' lang='grc' dir='ltr'>Τὸ</span> <span class='ocrx_word' id='word_1_215' title='bbox 807 2649 849 2709; x_wconf 76' lang='grc' dir='ltr'>’ἀ</span> <span class='ocrx_word' id='word_1_216' title='bbox 913 2645 1320 2724; x_wconf 85' lang='grc' dir='ltr'>ἐπαγομένου</span> <span class='ocrx_word' id='word_1_217' title='bbox 1386 2649 1504 2709; x_wconf 84' lang='grc' dir='ltr'>τοῦ</span> <span class='ocrx_word' id='word_1_218' title='bbox 1570 2647 1607 2721; x_wconf 75' lang='grc' dir='ltr'>ρ</span> <span class='ocrx_word' id='word_1_219' title='bbox 1675 2645 1828 2723; x_wconf 85' lang='grc' dir='ltr'>μετὰ</span> <span class='ocrx_word' id='word_1_220' title='bbox 1895 2646 2275 2723; x_wconf 84' lang='grc' dir='ltr'>φωνήεντος</span> <span class='ocrx_word' id='word_1_221' title='bbox 2342 2648 2675 2727; x_wconf 86' lang='grc' dir='ltr'>ψιλοῦται,</span> <span class='ocrx_word' id='word_1_222' title='bbox 2753 2643 3046 2725; x_wconf 87' lang='grc' dir='ltr'>ἄραβος</span> <span class='ocrx_word' id='word_1_223' title='bbox 3060 2693 3129 2727; x_wconf 83' lang='grc'>,,</span> 
     </span>
     <span class='ocr_line' id='line_1_23' title="bbox 490 2745 3078 2832; baseline -0.001 -19"><span class='ocrx_word' id='word_1_224' title='bbox 490 2749 755 2832; x_wconf 89' lang='grc' dir='ltr'>ἀρετή,</span> <span class='ocrx_word' id='word_1_225' title='bbox 818 2747 1160 2827; x_wconf 90' lang='grc' dir='ltr'>ἀριθμός.</span> <span class='ocrx_word' id='word_1_226' title='bbox 1249 2747 1323 2811; x_wconf 90' lang='grc' dir='ltr'>τὸ</span> <span class='ocrx_word' id='word_1_227' title='bbox 1381 2748 1734 2824; x_wconf 78' lang='grc' dir='ltr'>δὲ’«χεῑρα</span> <span class='ocrx_word' id='word_1_228' title='bbox 1791 2746 2114 2826; x_wconf 84' lang='grc' dir='ltr'>ἀραιήν»</span> <span class='ocrx_word' id='word_1_229' title='bbox 2175 2747 2246 2829; x_wconf 85' lang='grc' dir='ltr'>(Ε</span> <span class='ocrx_word' id='word_1_230' title='bbox 2289 2745 2443 2828; x_wconf 79' lang='grc'>425)</span> <span class='ocrx_word' id='word_1_231' title='bbox 2500 2746 2847 2812; x_wconf 82' lang='grc' dir='ltr'>δαςύνεται.</span> <span class='ocrx_word' id='word_1_232' title='bbox 2947 2745 3078 2811; x_wconf 91' lang='grc' dir='ltr'>ἀπὸ</span> 
     </span>
     <span class='ocr_line' id='line_1_24' title="bbox 490 2848 3079 2944; baseline -0.002 -28"><span class='ocrx_word' id='word_1_233' title='bbox 490 2855 783 2944; x_wconf 34' lang='grc' dir='ltr'>γάροτοῦ</span> <span class='ocrx_word' id='word_1_234' title='bbox 841 2850 1000 2929; x_wconf 84' lang='grc' dir='ltr'>ῥαίω</span> <span class='ocrx_word' id='word_1_235' title='bbox 1057 2849 1365 2929; x_wconf 82' lang='grc' dir='ltr'>ῥήματος,</span> <span class='ocrx_word' id='word_1_236' title='bbox 1424 2849 1461 2911; x_wconf 86' lang='grc' dir='ltr'>ὃ</span> <span class='ocrx_word' id='word_1_237' title='bbox 1519 2852 1705 2925; x_wconf 87' lang='grc' dir='ltr'>δηλοῖ</span> <span class='ocrx_word' id='word_1_238' title='bbox 1760 2848 2036 2929; x_wconf 91' lang='grc' dir='ltr'>φθείρω,</span> <span class='ocrx_word' id='word_1_239' title='bbox 2093 2848 2323 2924; x_wconf 88' lang='grc' dir='ltr'>γέγονε</span> <span class='ocrx_word' id='word_1_240' title='bbox 2383 2848 2560 2927; x_wconf 83' lang='grc' dir='ltr'>ῥαιός</span> <span class='ocrx_word' id='word_1_241' title='bbox 2614 2850 2716 2913; x_wconf 89' lang='grc' dir='ltr'>καὶ</span> <span class='ocrx_word' id='word_1_242' title='bbox 2771 2849 2842 2914; x_wconf 87' lang='grc' dir='ltr'>ἐν</span> <span class='ocrx_word' id='word_1_243' title='bbox 2885 2851 3079 2912; x_wconf 87' lang='grc' dir='ltr'>πλεο-</span> 
     </span>
     <span class='ocr_line' id='line_1_25' title="bbox 492 2950 3081 3034; baseline -0.002 -17"><span class='ocrx_word' id='word_1_244' title='bbox 492 2960 707 3034; x_wconf 84' lang='grc' dir='ltr'>ναςμῷ</span> <span class='ocrx_word' id='word_1_245' title='bbox 752 2956 869 3016; x_wconf 84' lang='grc' dir='ltr'>τοῦ</span> <span class='ocrx_word' id='word_1_246' title='bbox 916 2953 956 3013; x_wconf 83' lang='grc' dir='ltr'>ἇ</span> <span class='ocrx_word' id='word_1_247' title='bbox 1014 2951 1236 3028; x_wconf 92' lang='grc' dir='ltr'>ἀραιός</span> <span class='ocrx_word' id='word_1_248' title='bbox 1291 2951 1709 3030; x_wconf 86' lang='grc' dir='ltr'>μετελθούςης</span> <span class='ocrx_word' id='word_1_249' title='bbox 1765 2954 1875 3027; x_wconf 90' lang='grc' dir='ltr'>τῆς</span> <span class='ocrx_word' id='word_1_250' title='bbox 1933 2951 2178 3015; x_wconf 91' lang='grc' dir='ltr'>δαςείας</span> <span class='ocrx_word' id='word_1_251' title='bbox 2224 2955 2341 3013; x_wconf 82' lang='grc' dir='ltr'>τοῦ</span> <span class='ocrx_word' id='word_1_252' title='bbox 2397 2953 2434 3027; x_wconf 77' lang='grc' dir='ltr'>ρ</span> <span class='ocrx_word' id='word_1_253' title='bbox 2492 2950 2579 3014; x_wconf 88' lang='grc' dir='ltr'>εἰς</span> <span class='ocrx_word' id='word_1_254' title='bbox 2622 2951 2699 3013; x_wconf 84' lang='grc' dir='ltr'>τὸ</span> <span class='ocrx_word' id='word_1_255' title='bbox 2744 2954 2817 3032; x_wconf 80' lang='grc' dir='ltr'>ἆ,</span> <span class='ocrx_word' id='word_1_256' title='bbox 2872 2950 3081 3013; x_wconf 84' lang='grc' dir='ltr'>καθὼς</span> 
     </span>
     <span class='ocr_line' id='line_1_26' title="bbox 491 3044 3182 3132; baseline -0.001 -14"><span class='ocrx_word' id='word_1_257' title='bbox 491 3057 594 3118; x_wconf 88' lang='grc' dir='ltr'>καὶ</span> <span class='ocrx_word' id='word_1_258' title='bbox 638 3055 742 3118; x_wconf 87' lang='grc' dir='ltr'>ἐπὶ</span> <span class='ocrx_word' id='word_1_259' title='bbox 785 3057 902 3117; x_wconf 86' lang='grc' dir='ltr'>τοῦ</span> <span class='ocrx_word' id='word_1_260' title='bbox 949 3052 1110 3130; x_wconf 82' lang='grc' dir='ltr'>ῥέζω</span> <span class='ocrx_word' id='word_1_261' title='bbox 1157 3052 1341 3129; x_wconf 82' lang='grc' dir='ltr'>ἕρδω.</span> <span class='ocrx_word' id='word_1_262' title='bbox 1812 3119 1822 3132; x_wconf 58' lang='grc'>,</span> <span class='ocrx_word' id='word_1_263' title='bbox 2692 3044 2712 3081; x_wconf 86' lang='lat'><em>⁰</em></span> <span class='ocrx_word' id='word_1_264' title='bbox 3114 3065 3182 3114; x_wconf 82' lang='lat'>25</span> 
     </span>
    </p>

    <p class='ocr_par' dir='ltr' id='par_1_7' title="bbox 661 3152 3078 3234">
     <span class='ocr_line' id='line_1_27' title="bbox 661 3152 3078 3234; baseline -0.001 -16"><span class='ocrx_word' id='word_1_265' title='bbox 661 3155 750 3218; x_wconf 90' lang='grc' dir='ltr'>Τὸ</span> <span class='ocrx_word' id='word_1_266' title='bbox 797 3158 836 3215; x_wconf 85' lang='grc' dir='ltr'>ἇ</span> <span class='ocrx_word' id='word_1_267' title='bbox 893 3155 962 3216; x_wconf 89' lang='grc' dir='ltr'>ἐν</span> <span class='ocrx_word' id='word_1_268' title='bbox 1020 3156 1157 3217; x_wconf 88' lang='grc' dir='ltr'>ταῖς</span> <span class='ocrx_word' id='word_1_269' title='bbox 1214 3154 1374 3230; x_wconf 84' lang='grc' dir='ltr'>ὑπὲρ</span> <span class='ocrx_word' id='word_1_270' title='bbox 1431 3154 1575 3231; x_wconf 89' lang='grc' dir='ltr'>μίαν</span> <span class='ocrx_word' id='word_1_271' title='bbox 1634 3156 1950 3232; x_wconf 86' lang='grc' dir='ltr'>ςυλλαβὴν</span> <span class='ocrx_word' id='word_1_272' title='bbox 2002 3154 2268 3234; x_wconf 87' lang='grc' dir='ltr'>λέξεςιν,</span> <span class='ocrx_word' id='word_1_273' title='bbox 2328 3152 2733 3231; x_wconf 86' lang='grc' dir='ltr'>ἐπαγομένου</span> <span class='ocrx_word' id='word_1_274' title='bbox 2789 3155 2907 3216; x_wconf 84' lang='grc' dir='ltr'>τοῦ</span> <span class='ocrx_word' id='word_1_275' title='bbox 2963 3153 2997 3214; x_wconf 76' lang='grc' dir='ltr'>ἒ</span> <span class='ocrx_word' id='word_1_276' title='bbox 3039 3153 3078 3230; x_wconf 88' lang='grc' dir='ltr'>ἢ</span> 
     </span>
    </p>
   </div>
   <div class='ocr_carea' id='block_1_5' title="bbox 378 3252 3078 3343">
    <p class='ocr_par' dir='ltr' id='par_1_8' title="bbox 378 3252 3078 3343">
     <span class='ocr_line' id='line_1_28' title="bbox 378 3252 3078 3343; baseline -0.001 -24"><span class='ocrx_word' id='word_1_277' title='bbox 378 3322 388 3343; x_wconf 31' lang='grc' dir='ltr'><em>ι</em></span> <span class='ocrx_word' id='word_1_278' title='bbox 493 3256 706 3333; x_wconf 86' lang='grc' dir='ltr'>ἑνὸςῆ</span> <span class='ocrx_word' id='word_1_279' title='bbox 741 3259 983 3337; x_wconf 86' lang='grc' dir='ltr'>διςςοῦ,</span> <span class='ocrx_word' id='word_1_280' title='bbox 1015 3258 1349 3336; x_wconf 86' lang='grc' dir='ltr'>ψιλοῦται,</span> <span class='ocrx_word' id='word_1_281' title='bbox 1383 3255 1610 3337; x_wconf 78' lang='grc' dir='ltr'>Ἀςία,</span> <span class='ocrx_word' id='word_1_282' title='bbox 1657 3256 1877 3339; x_wconf 86' lang='grc' dir='ltr'>ἀςτυ,</span> <span class='ocrx_word' id='word_1_283' title='bbox 1924 3256 2449 3335; x_wconf 87' lang='grc' dir='ltr'>ἀςτράγαλος,</span> <span class='ocrx_word' id='word_1_284' title='bbox 2496 3254 2935 3333; x_wconf 88' lang='grc' dir='ltr'>ἀςάμινθος.</span> <span class='ocrx_word' id='word_1_285' title='bbox 3002 3252 3078 3317; x_wconf 89' lang='grc' dir='ltr'>τὸ</span> 
     </span>
    </p>
   </div>
   <div class='ocr_carea' id='block_1_6' title="bbox 490 3352 3181 3744">
    <p class='ocr_par' dir='ltr' id='par_1_9' title="bbox 490 3352 3181 3744">
     <span class='ocr_line' id='line_1_29' title="bbox 492 3352 3079 3441; baseline -0.001 -20"><span class='ocrx_word' id='word_1_286' title='bbox 492 3358 708 3441; x_wconf 86' lang='grc' dir='ltr'>ἅςςα,</span> <span class='ocrx_word' id='word_1_287' title='bbox 753 3359 790 3420; x_wconf 87' lang='grc' dir='ltr'>ὃ</span> <span class='ocrx_word' id='word_1_288' title='bbox 836 3360 1025 3434; x_wconf 88' lang='grc' dir='ltr'>δηλοῖ</span> <span class='ocrx_word' id='word_1_289' title='bbox 1065 3357 1142 3420; x_wconf 91' lang='grc' dir='ltr'>τὸ</span> <span class='ocrx_word' id='word_1_290' title='bbox 1188 3356 1402 3438; x_wconf 86' lang='grc' dir='ltr'>ἅτινα,</span> <span class='ocrx_word' id='word_1_291' title='bbox 1445 3357 1835 3434; x_wconf 85' lang='grc' dir='ltr'>παραλόγως</span> <span class='ocrx_word' id='word_1_292' title='bbox 1865 3357 2197 3420; x_wconf 87' lang='grc' dir='ltr'>δαςύνεται</span> <span class='ocrx_word' id='word_1_293' title='bbox 2246 3355 2422 3419; x_wconf 82' lang='grc' dir='ltr'>«ἅςς’</span> <span class='ocrx_word' id='word_1_294' title='bbox 2452 3355 2792 3434; x_wconf 82' lang='grc' dir='ltr'>ἐθέληςθα»</span> <span class='ocrx_word' id='word_1_295' title='bbox 2826 3356 2904 3437; x_wconf 89' lang='grc' dir='ltr'>(Α</span> <span class='ocrx_word' id='word_1_296' title='bbox 2925 3352 3079 3435; x_wconf 82' lang='lat'>554)</span> 
     </span>
     <span class='ocr_line' id='line_1_30' title="bbox 490 3456 3081 3540; baseline -0.001 -19"><span class='ocrx_word' id='word_1_297' title='bbox 490 3459 893 3537; x_wconf 81' lang='grc' dir='ltr'>Ἀρίςταρχος</span> <span class='ocrx_word' id='word_1_298' title='bbox 940 3460 1055 3538; x_wconf 86' lang='grc' dir='ltr'>μέν</span> <span class='ocrx_word' id='word_1_299' title='bbox 1113 3479 1262 3537; x_wconf 90' lang='grc' dir='ltr'>φηςι</span> <span class='ocrx_word' id='word_1_300' title='bbox 1318 3459 1459 3536; x_wconf 88' lang='grc' dir='ltr'>τρία</span> <span class='ocrx_word' id='word_1_301' title='bbox 1516 3460 1834 3537; x_wconf 86' lang='grc' dir='ltr'>ςημαίνειν</span> <span class='ocrx_word' id='word_1_302' title='bbox 1879 3460 1995 3535; x_wconf 86' lang='grc' dir='ltr'>τὴν</span> <span class='ocrx_word' id='word_1_303' title='bbox 2043 3458 2239 3540; x_wconf 81' lang='grc' dir='ltr'>λέξιν,</span> <span class='ocrx_word' id='word_1_304' title='bbox 2295 3457 2466 3539; x_wconf 87' lang='grc' dir='ltr'>τινά,</span> <span class='ocrx_word' id='word_1_305' title='bbox 2514 3457 2728 3539; x_wconf 86' lang='grc' dir='ltr'>ἅτινα,</span> <span class='ocrx_word' id='word_1_306' title='bbox 2785 3457 2935 3520; x_wconf 88' lang='grc' dir='ltr'>ὅςςα</span> <span class='ocrx_word' id='word_1_307' title='bbox 2979 3456 3081 3519; x_wconf 88' lang='grc' dir='ltr'>καὶ</span> 
     </span>
     <span class='ocr_line' id='line_1_31' title="bbox 494 3558 3181 3638; baseline -0.001 -16"><span class='ocrx_word' id='word_1_308' title='bbox 494 3560 592 3622; x_wconf 88' lang='grc' dir='ltr'>ἀεὶ</span> <span class='ocrx_word' id='word_1_309' title='bbox 636 3562 991 3637; x_wconf 86' lang='grc' dir='ltr'>ψιλοῡςθαι.</span> <span class='ocrx_word' id='word_1_310' title='bbox 1060 3560 1390 3623; x_wconf 85' lang='grc' dir='ltr'>δαςύνεται</span> <span class='ocrx_word' id='word_1_311' title='bbox 1437 3560 1508 3622; x_wconf 80' lang='grc' dir='ltr'>δὲ</span> <span class='ocrx_word' id='word_1_312' title='bbox 1552 3558 1661 3623; x_wconf 87' lang='grc' dir='ltr'>ὅτε</span> <span class='ocrx_word' id='word_1_313' title='bbox 1709 3563 1897 3638; x_wconf 85' lang='grc' dir='ltr'>δηλοῖ</span> <span class='ocrx_word' id='word_1_314' title='bbox 1939 3562 2013 3624; x_wconf 91' lang='grc' dir='ltr'>τὸ</span> <span class='ocrx_word' id='word_1_315' title='bbox 2059 3559 2245 3623; x_wconf 84' lang='grc' dir='ltr'>ἅτινα</span> <span class='ocrx_word' id='word_1_316' title='bbox 2288 3560 2390 3623; x_wconf 92' lang='grc' dir='ltr'>καὶ</span> <span class='ocrx_word' id='word_1_317' title='bbox 2432 3559 2558 3622; x_wconf 82' lang='grc' dir='ltr'>ἔςτι</span> <span class='ocrx_word' id='word_1_318' title='bbox 2604 3559 2723 3622; x_wconf 86' lang='grc' dir='ltr'>δύο</span> <span class='ocrx_word' id='word_1_319' title='bbox 2769 3558 2926 3638; x_wconf 89' lang='grc' dir='ltr'>μέρη</span> <span class='ocrx_word' id='word_1_320' title='bbox 2972 3558 3077 3621; x_wconf 90' lang='grc' dir='ltr'>λό-</span> <span class='ocrx_word' id='word_1_321' title='bbox 3114 3569 3181 3620; x_wconf 84' lang='grc'>30</span> 
     </span>
     <span class='ocr_line' id='line_1_32' title="bbox 494 3659 2878 3744; baseline 0 -21"><span class='ocrx_word' id='word_1_322' title='bbox 494 3680 649 3741; x_wconf 84' lang='grc' dir='ltr'>γου,</span> <span class='ocrx_word' id='word_1_323' title='bbox 694 3661 770 3723; x_wconf 91' lang='grc' dir='ltr'>τὸ</span> <span class='ocrx_word' id='word_1_324' title='bbox 817 3662 856 3721; x_wconf 84' lang='grc' dir='ltr'>ἇ</span> <span class='ocrx_word' id='word_1_325' title='bbox 903 3660 1145 3738; x_wconf 84' lang='grc' dir='ltr'>ἄρθρον</span> <span class='ocrx_word' id='word_1_326' title='bbox 1191 3663 1292 3724; x_wconf 87' lang='grc' dir='ltr'>καὶ</span> <span class='ocrx_word' id='word_1_327' title='bbox 1336 3662 1410 3725; x_wconf 89' lang='grc' dir='ltr'>τὸ</span> <span class='ocrx_word' id='word_1_328' title='bbox 1457 3663 1572 3743; x_wconf 75' lang='grc' dir='ltr'>’ς’ἇ,</span> <span class='ocrx_word' id='word_1_329' title='bbox 1619 3661 1656 3724; x_wconf 90' lang='grc' dir='ltr'>ὅ</span> <span class='ocrx_word' id='word_1_330' title='bbox 1702 3661 1825 3725; x_wconf 82' lang='grc' dir='ltr'>ἐςτι</span> <span class='ocrx_word' id='word_1_331' title='bbox 1875 3662 2269 3744; x_wconf 87' lang='grc' dir='ltr'>Μεγαρικόν,</span> <span class='ocrx_word' id='word_1_332' title='bbox 2315 3663 2555 3740; x_wconf 82' lang='grc' dir='ltr'>δηλοῦν</span> <span class='ocrx_word' id='word_1_333' title='bbox 2600 3661 2674 3723; x_wconf 89' lang='grc' dir='ltr'>τὸ</span> <span class='ocrx_word' id='word_1_334' title='bbox 2719 3659 2878 3723; x_wconf 88' lang='grc' dir='ltr'>τινά.</span> 
     </span>
    </p>
   </div>
   <div class='ocr_carea' id='block_1_7' title="bbox 497 3763 896 3771">
    <p class='ocr_par' dir='ltr' id='par_1_10' title="bbox 497 3763 896 3771">
     <span class='ocr_line' id='line_1_33' title="bbox 497 3763 896 3771; baseline 0 1775"><span class='ocrx_word' id='word_1_335' title='bbox 497 3763 896 3771; x_wconf 95' lang='lat' dir='ltr'> </span> 
     </span>
    </p>
   </div>
   <div class='ocr_carea' id='block_1_8' title="bbox 493 3811 3127 4957">
    <p class='ocr_par' dir='ltr' id='par_1_11' title="bbox 493 3811 3079 4014">
     <span class='ocr_line' id='line_1_34' title="bbox 632 3811 3077 3877; baseline 0 -16"><span class='ocrx_word' id='word_1_336' title='bbox 632 3813 666 3861; x_wconf 92' lang='lat' dir='ltr'>l.</span> <span class='ocrx_word' id='word_1_337' title='bbox 702 3816 733 3863; x_wconf 87' lang='lat'><strong>3</strong></span> <span class='ocrx_word' id='word_1_338' title='bbox 780 3813 1232 3864; x_wconf 80' lang='lat' dir='ltr'><strong>adnotamentum</strong></span> <span class='ocrx_word' id='word_1_339' title='bbox 1280 3816 1346 3863; x_wconf 78' lang='lat' dir='ltr'>de</span> <span class='ocrx_word' id='word_1_340' title='bbox 1393 3813 1584 3877; x_wconf 84' lang='grc' dir='ltr'>ἄμυδις</span> <span class='ocrx_word' id='word_1_341' title='bbox 1631 3814 1913 3865; x_wconf 79' lang='lat' dir='ltr'><strong>adiectum</strong></span> <span class='ocrx_word' id='word_1_342' title='bbox 1960 3820 2046 3865; x_wconf 81' lang='lat' dir='ltr'>est</span> <span class='ocrx_word' id='word_1_343' title='bbox 2091 3830 2157 3864; x_wconf 81' lang='lat' dir='ltr'>ex</span> <span class='ocrx_word' id='word_1_344' title='bbox 2202 3814 2266 3864; x_wconf 77' lang='lat'>11.</span> <span class='ocrx_word' id='word_1_345' title='bbox 2304 3814 2391 3863; x_wconf 83' lang='lat' dir='ltr'>Pr.</span> <span class='ocrx_word' id='word_1_346' title='bbox 2428 3812 2476 3864; x_wconf 90' lang='grc' dir='ltr'>Υ</span> <span class='ocrx_word' id='word_1_347' title='bbox 2514 3815 2611 3863; x_wconf 83' lang='grc'>114</span> <span class='ocrx_word' id='word_1_348' title='bbox 2646 3839 2712 3848; x_wconf 95' lang='grc'><strong>-</strong></span> <span class='ocrx_word' id='word_1_349' title='bbox 2758 3811 3077 3876; x_wconf 83' lang='grc' dir='ltr'>ἀνεδέξατο,</span> 
     </span>
     <span class='ocr_line' id='line_1_35' title="bbox 493 3878 3079 3947; baseline 0 -19"><span class='ocrx_word' id='word_1_350' title='bbox 493 3880 620 3930; x_wconf 83' lang='lat' dir='ltr'>inde</span> <span class='ocrx_word' id='word_1_351' title='bbox 659 3881 727 3929; x_wconf 77' lang='lat' dir='ltr'>ab</span> <span class='ocrx_word' id='word_1_352' title='bbox 770 3878 959 3932; x_wconf 85' lang='grc' dir='ltr'>Νικίας</span> <span class='ocrx_word' id='word_1_353' title='bbox 997 3897 1167 3947; x_wconf 80' lang='lat' dir='ltr'>usque</span> <span class='ocrx_word' id='word_1_354' title='bbox 1206 3882 1276 3931; x_wconf 77' lang='lat' dir='ltr'>ad</span> <span class='ocrx_word' id='word_1_355' title='bbox 1313 3882 1348 3934; x_wconf 92' lang='lat' dir='ltr'>l.</span> <span class='ocrx_word' id='word_1_356' title='bbox 1389 3887 1451 3932; x_wconf 80' lang='lat'>14</span> <span class='ocrx_word' id='word_1_357' title='bbox 1487 3884 1711 3944; x_wconf 83' lang='grc' dir='ltr'>πνεῦμα</span> <span class='ocrx_word' id='word_1_358' title='bbox 1757 3898 1824 3932; x_wconf 85' lang='lat' dir='ltr'>ex</span> <span class='ocrx_word' id='word_1_359' title='bbox 1860 3882 1923 3932; x_wconf 89' lang='lat'>11.</span> <span class='ocrx_word' id='word_1_360' title='bbox 1961 3883 2049 3936; x_wconf 87' lang='lat' dir='ltr'>Pr.</span> <span class='ocrx_word' id='word_1_361' title='bbox 2089 3881 2102 3935; x_wconf 96' lang='grc' dir='ltr'>Ι</span> <span class='ocrx_word' id='word_1_362' title='bbox 2142 3884 2187 3935; x_wconf 87' lang='grc'>6.</span> <span class='ocrx_word' id='word_1_363' title='bbox 2228 3909 2289 3918; x_wconf 84' lang='grc'><strong>-</strong></span> <span class='ocrx_word' id='word_1_364' title='bbox 2328 3882 2361 3931; x_wconf 86' lang='lat'>1.</span> <span class='ocrx_word' id='word_1_365' title='bbox 2403 3883 2466 3930; x_wconf 78' lang='lat'>14</span> <span class='ocrx_word' id='word_1_366' title='bbox 2502 3878 2807 3944; x_wconf 82' lang='grc' dir='ltr'>ἁμαρτάνω</span> <span class='ocrx_word' id='word_1_367' title='bbox 2845 3882 3079 3945; x_wconf 81' lang='lat' dir='ltr'>apposui</span> 
     </span>
     <span class='ocr_line' id='line_1_36' title="bbox 497 3945 2944 4014; baseline 0 -17"><span class='ocrx_word' id='word_1_368' title='bbox 497 3965 564 3997; x_wconf 79' lang='lat' dir='ltr'>ex</span> <span class='ocrx_word' id='word_1_369' title='bbox 602 3947 797 4000; x_wconf 80' lang='lat' dir='ltr'><strong>Choor.</strong></span> <span class='ocrx_word' id='word_1_370' title='bbox 834 3950 935 4013; x_wconf 79' lang='lat' dir='ltr'>Ep.</span> <span class='ocrx_word' id='word_1_371' title='bbox 973 3949 1030 3998; x_wconf 85' lang='lat' dir='ltr'>in</span> <span class='ocrx_word' id='word_1_372' title='bbox 1066 3950 1270 4000; x_wconf 82' lang='lat' dir='ltr'><strong>Psalm.</strong></span> <span class='ocrx_word' id='word_1_373' title='bbox 1312 3951 1346 3999; x_wconf 90' lang='lat' dir='ltr'>l.</span> <span class='ocrx_word' id='word_1_374' title='bbox 1385 3967 1459 4011; x_wconf 84' lang='lat' dir='ltr'>c.‚</span> <span class='ocrx_word' id='word_1_375' title='bbox 1499 3949 1568 4000; x_wconf 83' lang='grc' dir='ltr'>τὸ</span> <span class='ocrx_word' id='word_1_376' title='bbox 1605 3949 1665 4000; x_wconf 84' lang='grc' dir='ltr'>δέ</span> <span class='ocrx_word' id='word_1_377' title='bbox 1703 3948 1848 4012; x_wconf 85' lang='grc' dir='ltr'>ἀμόν</span> <span class='ocrx_word' id='word_1_378' title='bbox 1892 3965 2064 4014; x_wconf 84' lang='lat' dir='ltr'><strong>usque</strong></span> <span class='ocrx_word' id='word_1_379' title='bbox 2111 3949 2180 3999; x_wconf 81' lang='lat' dir='ltr'>ad</span> <span class='ocrx_word' id='word_1_380' title='bbox 2218 3949 2377 3999; x_wconf 85' lang='lat' dir='ltr'><strong>finem</strong></span> <span class='ocrx_word' id='word_1_381' title='bbox 2415 3964 2482 3998; x_wconf 78' lang='lat' dir='ltr'>ex</span> <span class='ocrx_word' id='word_1_382' title='bbox 2519 3948 2581 3997; x_wconf 86' lang='lat'>11.</span> <span class='ocrx_word' id='word_1_383' title='bbox 2620 3951 2708 3997; x_wconf 80' lang='lat' dir='ltr'>Pr.</span> <span class='ocrx_word' id='word_1_384' title='bbox 2742 3945 2791 3997; x_wconf 87' lang='grc' dir='ltr'><strong><em>Ζ</em></strong></span> <span class='ocrx_word' id='word_1_385' title='bbox 2826 3950 2944 3999; x_wconf 81' lang='grc'>414.</span> 
     </span>
    </p>

    <p class='ocr_par' dir='ltr' id='par_1_12' title="bbox 493 4011 3127 4805">
     <span class='ocr_line' id='line_1_37' title="bbox 495 4011 3078 4078; baseline 0 -15"><span class='ocrx_word' id='word_1_386' title='bbox 495 4015 526 4067; x_wconf 90' lang='grc'>1.</span> <span class='ocrx_word' id='word_1_387' title='bbox 571 4020 630 4066; x_wconf 82' lang='grc'>19</span> <span class='ocrx_word' id='word_1_388' title='bbox 668 4018 789 4067; x_wconf 80' lang='lat' dir='ltr'><strong>Arc.</strong></span> <span class='ocrx_word' id='word_1_389' title='bbox 830 4019 943 4077; x_wconf 81' lang='grc'>198,</span> <span class='ocrx_word' id='word_1_390' title='bbox 981 4019 1075 4073; x_wconf 80' lang='grc'>24,</span> <span class='ocrx_word' id='word_1_391' title='bbox 1113 4014 1304 4068; x_wconf 84' lang='grc' dir='ltr'>ἀντίος</span> <span class='ocrx_word' id='word_1_392' title='bbox 1342 4018 1530 4066; x_wconf 82' lang='lat' dir='ltr'><strong>addidi</strong></span> <span class='ocrx_word' id='word_1_393' title='bbox 1567 4034 1634 4067; x_wconf 85' lang='lat' dir='ltr'>ex</span> <span class='ocrx_word' id='word_1_394' title='bbox 1675 4018 1735 4066; x_wconf 87' lang='lat' dir='ltr'>n.</span> <span class='ocrx_word' id='word_1_395' title='bbox 1761 4020 1851 4070; x_wconf 89' lang='lat' dir='ltr'>Pr.</span> <span class='ocrx_word' id='word_1_396' title='bbox 1890 4016 1929 4068; x_wconf 92' lang='grc' dir='ltr'>Β</span> <span class='ocrx_word' id='word_1_397' title='bbox 1967 4021 2057 4077; x_wconf 84' lang='grc'>96,</span> <span class='ocrx_word' id='word_1_398' title='bbox 2094 4015 2279 4067; x_wconf 82' lang='grc' dir='ltr'>ἄνυςις</span> <span class='ocrx_word' id='word_1_399' title='bbox 2316 4043 2379 4050; x_wconf 91' lang='grc'>-</span> <span class='ocrx_word' id='word_1_400' title='bbox 2416 4014 2569 4078; x_wconf 86' lang='grc' dir='ltr'>πλὴν</span> <span class='ocrx_word' id='word_1_401' title='bbox 2602 4016 2707 4064; x_wconf 84' lang='grc' dir='ltr'>τοῦ</span> <span class='ocrx_word' id='word_1_402' title='bbox 2746 4011 2975 4065; x_wconf 81' lang='grc' dir='ltr'>ἀνδάνω</span> <span class='ocrx_word' id='word_1_403' title='bbox 3006 4012 3078 4064; x_wconf 60' lang='lat' dir='ltr'>*ex</span> 
     </span>
     <span class='ocr_line' id='line_1_38' title="bbox 494 4082 3127 4148; baseline -0.001 -14"><span class='ocrx_word' id='word_1_404' title='bbox 494 4084 678 4134; x_wconf 82' lang='lat' dir='ltr'><strong>Schol.</strong></span> <span class='ocrx_word' id='word_1_405' title='bbox 715 4085 785 4133; x_wconf 78' lang='lat' dir='ltr'>ad</span> <span class='ocrx_word' id='word_1_406' title='bbox 823 4084 887 4133; x_wconf 89' lang='lat'>11.</span> <span class='ocrx_word' id='word_1_407' title='bbox 927 4082 966 4134; x_wconf 92' lang='grc' dir='ltr'>Β</span> <span class='ocrx_word' id='word_1_408' title='bbox 1004 4086 1123 4147; x_wconf 81' lang='lat'>347,</span> <span class='ocrx_word' id='word_1_409' title='bbox 1160 4087 1383 4135; x_wconf 79' lang='lat' dir='ltr'><strong>transiit</strong></span> <span class='ocrx_word' id='word_1_410' title='bbox 1421 4101 1596 4134; x_wconf 76' lang='lat' dir='ltr'><strong>canon</strong></span> <span class='ocrx_word' id='word_1_411' title='bbox 1634 4085 1691 4134; x_wconf 88' lang='lat' dir='ltr'>in</span> <span class='ocrx_word' id='word_1_412' title='bbox 1730 4085 1927 4137; x_wconf 85' lang='lat' dir='ltr'><strong>Choer.</strong></span> <span class='ocrx_word' id='word_1_413' title='bbox 1964 4086 2067 4148; x_wconf 82' lang='lat' dir='ltr'>Ep.</span> <span class='ocrx_word' id='word_1_414' title='bbox 2108 4088 2164 4132; x_wconf 85' lang='lat' dir='ltr'>in</span> <span class='ocrx_word' id='word_1_415' title='bbox 2201 4083 2405 4133; x_wconf 79' lang='lat' dir='ltr'><strong>Psalm.</strong></span> <span class='ocrx_word' id='word_1_416' title='bbox 2440 4083 2489 4141; x_wconf 80' lang='lat'>6,</span> <span class='ocrx_word' id='word_1_417' title='bbox 2532 4084 2610 4131; x_wconf 82' lang='grc'>17.</span> <span class='ocrx_word' id='word_1_418' title='bbox 2638 4109 2704 4116; x_wconf 90' lang='grc'>-</span> <span class='ocrx_word' id='word_1_419' title='bbox 2730 4082 2956 4131; x_wconf 83' lang='lat' dir='ltr'><strong>Excidit</strong></span> <span class='ocrx_word' id='word_1_420' title='bbox 2991 4098 3076 4132; x_wconf 84' lang='lat' dir='ltr'>ca·</span> <span class='ocrx_word' id='word_1_421' title='bbox 3124 4086 3127 4089; x_wconf 84' lang='lat'>&#39;</span> 
     </span>
     <span class='ocr_line' id='line_1_39' title="bbox 495 4148 3078 4213; baseline 0 -15"><span class='ocrx_word' id='word_1_422' title='bbox 495 4167 598 4199; x_wconf 84' lang='lat' dir='ltr'>non</span> <span class='ocrx_word' id='word_1_423' title='bbox 648 4152 715 4200; x_wconf 80' lang='lat' dir='ltr'>du</span> <span class='ocrx_word' id='word_1_424' title='bbox 760 4154 854 4201; x_wconf 67' lang='lat' dir='ltr'><strong>ffr‘t.</strong></span> <span class='ocrx_word' id='word_1_425' title='bbox 925 4151 996 4199; x_wconf 83' lang='lat' dir='ltr'>ef.</span> <span class='ocrx_word' id='word_1_426' title='bbox 1040 4151 1332 4202; x_wconf 76' lang='lat' dir='ltr'><strong>Aristonic.</strong></span> <span class='ocrx_word' id='word_1_427' title='bbox 1379 4155 1447 4201; x_wconf 82' lang='lat' dir='ltr'>ad</span> <span class='ocrx_word' id='word_1_428' title='bbox 1485 4151 1530 4203; x_wconf 89' lang='grc' dir='ltr'>Θ</span> <span class='ocrx_word' id='word_1_429' title='bbox 1569 4156 1693 4202; x_wconf 83' lang='grc'>209;</span> <span class='ocrx_word' id='word_1_430' title='bbox 1742 4152 1810 4201; x_wconf 87' lang='grc' dir='ltr'>Ἥ</span> <span class='ocrx_word' id='word_1_431' title='bbox 1852 4166 1888 4213; x_wconf 93' lang='grc' dir='ltr'>η</span> <span class='ocrx_word' id='word_1_432' title='bbox 1925 4148 2237 4200; x_wconf 86' lang='grc' dir='ltr'>ἀπτοεπές;</span> <span class='ocrx_word' id='word_1_433' title='bbox 2287 4148 2322 4210; x_wconf 86' lang='grc' dir='ltr'>ἡ</span> <span class='ocrx_word' id='word_1_434' title='bbox 2370 4148 2564 4212; x_wconf 85' lang='grc' dir='ltr'>διπλῆ,</span> <span class='ocrx_word' id='word_1_435' title='bbox 2613 4148 2701 4199; x_wconf 87' lang='grc' dir='ltr'>ὅτι</span> <span class='ocrx_word' id='word_1_436' title='bbox 2753 4148 3078 4200; x_wconf 72' lang='grc' dir='ltr'>δαῶνουςιν</span> 
     </span>
     <span class='ocr_line' id='line_1_40' title="bbox 493 4214 3079 4281; baseline 0 -15"><span class='ocrx_word' id='word_1_437' title='bbox 493 4215 805 4279; x_wconf 87' lang='grc' dir='ltr'>ἁπτοεπές,</span> <span class='ocrx_word' id='word_1_438' title='bbox 844 4216 1241 4281; x_wconf 85' lang='grc' dir='ltr'>καθαπτομένη</span> <span class='ocrx_word' id='word_1_439' title='bbox 1278 4222 1401 4270; x_wconf 87' lang='grc' dir='ltr'>ταῖς</span> <span class='ocrx_word' id='word_1_440' title='bbox 1439 4217 1641 4270; x_wconf 85' lang='grc' dir='ltr'>ἐπεςιν.</span> <span class='ocrx_word' id='word_1_441' title='bbox 1715 4218 1809 4281; x_wconf 87' lang='grc' dir='ltr'>Ἀρ</span> <span class='ocrx_word' id='word_1_442' title='bbox 1835 4231 2066 4280; x_wconf 88' lang='grc' dir='ltr'>ςταρχος</span> <span class='ocrx_word' id='word_1_443' title='bbox 2103 4215 2163 4267; x_wconf 83' lang='grc' dir='ltr'>δὲ</span> <span class='ocrx_word' id='word_1_444' title='bbox 2200 4217 2368 4279; x_wconf 82' lang='grc' dir='ltr'>ψιλοῖ.</span> <span class='ocrx_word' id='word_1_445' title='bbox 2418 4218 2507 4266; x_wconf 87' lang='grc' dir='ltr'>καὶ</span> <span class='ocrx_word' id='word_1_446' title='bbox 2543 4214 2675 4267; x_wconf 80' lang='grc' dir='ltr'>ἴςως</span> <span class='ocrx_word' id='word_1_447' title='bbox 2712 4217 2785 4280; x_wconf 83' lang='grc' dir='ltr'>ἦν</span> <span class='ocrx_word' id='word_1_448' title='bbox 2823 4215 2974 4281; x_wconf 89' lang='grc' dir='ltr'>παρὰ</span> <span class='ocrx_word' id='word_1_449' title='bbox 3009 4217 3079 4267; x_wconf 86' lang='grc' dir='ltr'>τὸ</span> 
     </span>
     <span class='ocr_line' id='line_1_41' title="bbox 495 4282 3079 4348; baseline 0 -14"><span class='ocrx_word' id='word_1_450' title='bbox 495 4286 809 4347; x_wconf 82' lang='grc' dir='ltr'>πτοεῖςθαι,</span> <span class='ocrx_word' id='word_1_451' title='bbox 848 4284 882 4344; x_wconf 84' lang='grc' dir='ltr'>ἡ</span> <span class='ocrx_word' id='word_1_452' title='bbox 922 4282 1066 4345; x_wconf 82' lang='grc' dir='ltr'>ἄγαν</span> <span class='ocrx_word' id='word_1_453' title='bbox 1103 4289 1376 4336; x_wconf 83' lang='grc' dir='ltr'>πτειοῦςα·</span> <span class='ocrx_word' id='word_1_454' title='bbox 1415 4286 1450 4348; x_wconf 87' lang='grc' dir='ltr'>ἢ</span> <span class='ocrx_word' id='word_1_455' title='bbox 1489 4285 1642 4348; x_wconf 85' lang='grc' dir='ltr'>παρὰ</span> <span class='ocrx_word' id='word_1_456' title='bbox 1677 4284 1746 4335; x_wconf 84' lang='grc' dir='ltr'>τὸ</span> <span class='ocrx_word' id='word_1_457' title='bbox 1785 4282 1970 4334; x_wconf 84' lang='grc' dir='ltr'>ἁπτόν</span> <span class='ocrx_word' id='word_1_458' title='bbox 2015 4282 2084 4334; x_wconf 88' lang='grc' dir='ltr'>τὸ</span> <span class='ocrx_word' id='word_1_459' title='bbox 2124 4282 2373 4348; x_wconf 79' lang='grc' dir='ltr'>ἰςχυρόν,</span> <span class='ocrx_word' id='word_1_460' title='bbox 2422 4283 2564 4334; x_wconf 82' lang='grc' dir='ltr'>ὥςτε</span> <span class='ocrx_word' id='word_1_461' title='bbox 2612 4283 2757 4335; x_wconf 79' lang='grc' dir='ltr'>εἶναι</span> <span class='ocrx_word' id='word_1_462' title='bbox 2794 4282 3079 4336; x_wconf 88' lang='grc' dir='ltr'>δεινοεπές</span> 
     </span>
     <span class='ocr_line' id='line_1_42' title="bbox 495 4351 3076 4415; baseline 0 -14"><span class='ocrx_word' id='word_1_463' title='bbox 495 4368 614 4401; x_wconf 88' lang='lat' dir='ltr'>cum</span> <span class='ocrx_word' id='word_1_464' title='bbox 650 4352 870 4401; x_wconf 80' lang='lat' dir='ltr'><strong>Lehrsii</strong></span> <span class='ocrx_word' id='word_1_465' title='bbox 907 4352 1294 4411; x_wconf 79' lang='lat' dir='ltr'>adnotatione,</span> <span class='ocrx_word' id='word_1_466' title='bbox 1333 4354 1400 4402; x_wconf 83' lang='lat' dir='ltr'>do</span> <span class='ocrx_word' id='word_1_467' title='bbox 1437 4351 1584 4403; x_wconf 84' lang='grc' dir='ltr'>ἅπας</span> <span class='ocrx_word' id='word_1_468' title='bbox 1620 4354 1685 4401; x_wconf 88' lang='lat' dir='ltr'>E.</span> <span class='ocrx_word' id='word_1_469' title='bbox 1725 4352 1798 4404; x_wconf 82' lang='lat' dir='ltr'>M.</span> <span class='ocrx_word' id='word_1_470' title='bbox 1837 4354 1963 4413; x_wconf 77' lang='lat'><strong>655,</strong></span> <span class='ocrx_word' id='word_1_471' title='bbox 2001 4355 2094 4402; x_wconf 76' lang='lat'>24:</span> <span class='ocrx_word' id='word_1_472' title='bbox 2134 4351 2165 4401; x_wconf 88' lang='grc' dir='ltr'>ό</span> <span class='ocrx_word' id='word_1_473' title='bbox 2204 4351 2545 4415; x_wconf 88' lang='grc' dir='ltr'>Ἡρωδιανὸς</span> <span class='ocrx_word' id='word_1_474' title='bbox 2583 4352 2842 4415; x_wconf 82' lang='grc' dir='ltr'>βούλεται</span> <span class='ocrx_word' id='word_1_475' title='bbox 2876 4351 2937 4403; x_wconf 80' lang='grc' dir='ltr'>ἐκ</span> <span class='ocrx_word' id='word_1_476' title='bbox 2973 4354 3076 4403; x_wconf 70' lang='grc' dir='ltr'>τοῦ</span> 
     </span>
     <span class='ocr_line' id='line_1_43' title="bbox 493 4417 3078 4485; baseline -0.001 -15"><span class='ocrx_word' id='word_1_477' title='bbox 493 4418 608 4482; x_wconf 83' lang='grc' dir='ltr'>ἅμα</span> <span class='ocrx_word' id='word_1_478' title='bbox 644 4421 752 4469; x_wconf 84' lang='grc' dir='ltr'>πᾶς</span> <span class='ocrx_word' id='word_1_479' title='bbox 791 4417 938 4468; x_wconf 83' lang='grc' dir='ltr'>εἶναι</span> <span class='ocrx_word' id='word_1_480' title='bbox 973 4417 1034 4467; x_wconf 89' lang='grc' dir='ltr'>ἐν</span> <span class='ocrx_word' id='word_1_481' title='bbox 1072 4423 1349 4485; x_wconf 78' lang='grc' dir='ltr'>ςυγκοπῇ,</span> <span class='ocrx_word' id='word_1_482' title='bbox 1390 4420 1516 4484; x_wconf 76' lang='grc' dir='ltr'>περὶ</span> <span class='ocrx_word' id='word_1_483' title='bbox 1555 4422 1774 4469; x_wconf 82' lang='grc' dir='ltr'>παθῶν.</span> <span class='ocrx_word' id='word_1_484' title='bbox 1890 4418 1923 4472; x_wconf 91' lang='lat' dir='ltr'>l.</span> <span class='ocrx_word' id='word_1_485' title='bbox 1951 4422 2011 4468; x_wconf 96' lang='grc'>21</span> <span class='ocrx_word' id='word_1_486' title='bbox 2053 4422 2174 4472; x_wconf 84' lang='lat' dir='ltr'><strong>Are.</strong></span> <span class='ocrx_word' id='word_1_487' title='bbox 2206 4421 2321 4481; x_wconf 83' lang='grc'>198,</span> <span class='ocrx_word' id='word_1_488' title='bbox 2358 4422 2441 4470; x_wconf 82' lang='grc'>26.</span> <span class='ocrx_word' id='word_1_489' title='bbox 2477 4445 2545 4458; x_wconf 91' lang='lat'>—</span> <span class='ocrx_word' id='word_1_490' title='bbox 2582 4420 2649 4470; x_wconf 84' lang='lat' dir='ltr'>de</span> <span class='ocrx_word' id='word_1_491' title='bbox 2687 4423 2840 4484; x_wconf 86' lang='grc' dir='ltr'>χεῖρα</span> <span class='ocrx_word' id='word_1_492' title='bbox 2876 4417 3078 4484; x_wconf 81' lang='grc' dir='ltr'>ἀραιήν</span> 
     </span>
     <span class='ocr_line' id='line_1_44' title="bbox 494 4482 3077 4550; baseline 0 -12"><span class='ocrx_word' id='word_1_493' title='bbox 494 4488 677 4538; x_wconf 84' lang='lat' dir='ltr'><strong>Schol.</strong></span> <span class='ocrx_word' id='word_1_494' title='bbox 713 4485 749 4537; x_wconf 85' lang='grc' dir='ltr'>Ε</span> <span class='ocrx_word' id='word_1_495' title='bbox 784 4488 910 4535; x_wconf 82' lang='lat'>425:</span> <span class='ocrx_word' id='word_1_496' title='bbox 952 4482 1304 4548; x_wconf 86' lang='grc' dir='ltr'>Ἀρίςταρχος</span> <span class='ocrx_word' id='word_1_497' title='bbox 1339 4486 1408 4537; x_wconf 89' lang='grc' dir='ltr'>τὸ</span> <span class='ocrx_word' id='word_1_498' title='bbox 1447 4485 1648 4550; x_wconf 81' lang='grc' dir='ltr'>ἀραιήν</span> <span class='ocrx_word' id='word_1_499' title='bbox 1683 4485 1775 4536; x_wconf 79' lang='grc' dir='ltr'>ἐπὶ</span> <span class='ocrx_word' id='word_1_500' title='bbox 1810 4488 1915 4536; x_wconf 82' lang='grc' dir='ltr'>τοῦ</span> <span class='ocrx_word' id='word_1_501' title='bbox 1953 4484 2156 4549; x_wconf 88' lang='grc' dir='ltr'>ἀςθενῆ</span> <span class='ocrx_word' id='word_1_502' title='bbox 2193 4485 2437 4550; x_wconf 87' lang='grc' dir='ltr'>δαςύνει,</span> <span class='ocrx_word' id='word_1_503' title='bbox 2484 4485 2574 4537; x_wconf 81' lang='grc' dir='ltr'>ἐπὶ</span> <span class='ocrx_word' id='word_1_504' title='bbox 2619 4486 2681 4537; x_wconf 85' lang='grc' dir='ltr'>δὲ</span> <span class='ocrx_word' id='word_1_505' title='bbox 2724 4490 2829 4538; x_wconf 80' lang='grc' dir='ltr'>τοῦ</span> <span class='ocrx_word' id='word_1_506' title='bbox 2867 4487 3077 4550; x_wconf 85' lang='grc' dir='ltr'>ἀβλαβῆ</span> 
     </span>
     <span class='ocr_line' id='line_1_45' title="bbox 494 4549 3079 4618; baseline -0.001 -12"><span class='ocrx_word' id='word_1_507' title='bbox 494 4558 662 4618; x_wconf 85' lang='grc' dir='ltr'>ψιλοῖ.</span> <span class='ocrx_word' id='word_1_508' title='bbox 745 4555 805 4603; x_wconf 91' lang='lat' dir='ltr'>Il.</span> <span class='ocrx_word' id='word_1_509' title='bbox 854 4555 942 4603; x_wconf 86' lang='lat' dir='ltr'>Pr.</span> <span class='ocrx_word' id='word_1_510' title='bbox 989 4551 1027 4603; x_wconf 82' lang='lat' dir='ltr'>C</span> <span class='ocrx_word' id='word_1_511' title='bbox 1071 4555 1194 4601; x_wconf 82' lang='lat'>411:</span> <span class='ocrx_word' id='word_1_512' title='bbox 1242 4553 1535 4604; x_wconf 85' lang='grc' dir='ltr'>δαςύνεται</span> <span class='ocrx_word' id='word_1_513' title='bbox 1582 4553 1651 4604; x_wconf 89' lang='grc' dir='ltr'>τὸ</span> <span class='ocrx_word' id='word_1_514' title='bbox 1699 4549 1902 4617; x_wconf 86' lang='grc' dir='ltr'>ἀραιαί.</span> <span class='ocrx_word' id='word_1_515' title='bbox 1984 4556 2153 4603; x_wconf 79' lang='lat' dir='ltr'><strong>verba</strong></span> <span class='ocrx_word' id='word_1_516' title='bbox 2198 4552 2313 4604; x_wconf 88' lang='grc' dir='ltr'>ἀπὸ</span> <span class='ocrx_word' id='word_1_517' title='bbox 2357 4553 2463 4617; x_wconf 82' lang='grc' dir='ltr'>γὰρ</span> <span class='ocrx_word' id='word_1_518' title='bbox 2506 4556 2609 4604; x_wconf 81' lang='grc' dir='ltr'>τοῦ</span> <span class='ocrx_word' id='word_1_519' title='bbox 2656 4553 2798 4617; x_wconf 79' lang='grc' dir='ltr'>ῥαίω</span> <span class='ocrx_word' id='word_1_520' title='bbox 2846 4561 2977 4605; x_wconf 75' lang='lat' dir='ltr'>sunt</span> <span class='ocrx_word' id='word_1_521' title='bbox 3012 4571 3079 4604; x_wconf 77' lang='lat' dir='ltr'>ex</span> 
     </span>
     <span class='ocr_line' id='line_1_46' title="bbox 495 4619 3075 4688; baseline 0 -17"><span class='ocrx_word' id='word_1_522' title='bbox 495 4623 741 4688; x_wconf 78' lang='lat' dir='ltr'><strong>Theogn.</strong></span> <span class='ocrx_word' id='word_1_523' title='bbox 781 4624 870 4683; x_wconf 85' lang='grc'>52,</span> <span class='ocrx_word' id='word_1_524' title='bbox 914 4622 1001 4681; x_wconf 89' lang='grc'>18,</span> <span class='ocrx_word' id='word_1_525' title='bbox 1041 4622 1104 4672; x_wconf 90' lang='grc' dir='ltr'>Ε.</span> <span class='ocrx_word' id='word_1_526' title='bbox 1141 4621 1213 4670; x_wconf 90' lang='lat' dir='ltr'>M.</span> <span class='ocrx_word' id='word_1_527' title='bbox 1253 4625 1375 4685; x_wconf 83' lang='lat'><strong>134,</strong></span> <span class='ocrx_word' id='word_1_528' title='bbox 1417 4624 1503 4684; x_wconf 86' lang='lat'>19,</span> <span class='ocrx_word' id='word_1_529' title='bbox 1540 4623 1637 4671; x_wconf 87' lang='lat' dir='ltr'>ubi</span> <span class='ocrx_word' id='word_1_530' title='bbox 1674 4619 1863 4671; x_wconf 79' lang='grc' dir='ltr'>οὕτως</span> <span class='ocrx_word' id='word_1_531' title='bbox 1900 4619 2241 4685; x_wconf 86' lang='grc' dir='ltr'>Ἡρωδιανὸς</span> <span class='ocrx_word' id='word_1_532' title='bbox 2277 4620 2338 4671; x_wconf 87' lang='grc' dir='ltr'>ἐν</span> <span class='ocrx_word' id='word_1_533' title='bbox 2372 4625 2445 4687; x_wconf 75' lang='grc' dir='ltr'>τῇ</span> <span class='ocrx_word' id='word_1_534' title='bbox 2484 4621 2743 4685; x_wconf 74' lang='grc' dir='ltr'>καθόλου,</span> <span class='ocrx_word' id='word_1_535' title='bbox 2812 4624 2895 4672; x_wconf 84' lang='lat' dir='ltr'>De</span> <span class='ocrx_word' id='word_1_536' title='bbox 2932 4624 3075 4685; x_wconf 72' lang='grc' dir='ltr'>α-ριὶε</span> 
     </span>
     <span class='ocr_line' id='line_1_47' title="bbox 495 4686 3081 4805; baseline 0 -65"><span class='ocrx_word' id='word_1_537' title='bbox 495 4687 642 4805; x_wconf 62' lang='lat' dir='ltr'>{pua</span> <span class='ocrx_word' id='word_1_538' title='bbox 688 4690 852 4754; x_wconf 82' lang='grc' dir='ltr'>ἁρμοῖ</span> <span class='ocrx_word' id='word_1_539' title='bbox 895 4688 1138 4751; x_wconf 80' lang='grc' dir='ltr'>ἄρμενον</span> <span class='ocrx_word' id='word_1_540' title='bbox 1186 4689 1255 4738; x_wconf 82' lang='lat' dir='ltr'>cf.</span> <span class='ocrx_word' id='word_1_541' title='bbox 1299 4689 1365 4742; x_wconf 94' lang='lat' dir='ltr'>Il.</span> <span class='ocrx_word' id='word_1_542' title='bbox 1413 4691 1501 4743; x_wconf 89' lang='lat' dir='ltr'>Pr.</span> <span class='ocrx_word' id='word_1_543' title='bbox 1541 4690 1583 4740; x_wconf 90' lang='grc' dir='ltr'>Α</span> <span class='ocrx_word' id='word_1_544' title='bbox 1619 4690 1746 4751; x_wconf 83' lang='grc'>486,</span> <span class='ocrx_word' id='word_1_545' title='bbox 1794 4688 1863 4738; x_wconf 82' lang='lat' dir='ltr'>de</span> <span class='ocrx_word' id='word_1_546' title='bbox 1908 4687 2060 4752; x_wconf 81' lang='grc' dir='ltr'>ἅρπη</span> <span class='ocrx_word' id='word_1_547' title='bbox 2098 4686 2328 4752; x_wconf 87' lang='grc' dir='ltr'>ἀρπάζω</span> <span class='ocrx_word' id='word_1_548' title='bbox 2366 4688 2608 4753; x_wconf 78' lang='grc' dir='ltr'>Ἅρπυια</span> <span class='ocrx_word' id='word_1_549' title='bbox 2655 4688 2704 4742; x_wconf 91' lang='grc' dir='ltr'>Φ</span> <span class='ocrx_word' id='word_1_550' title='bbox 2741 4691 2832 4752; x_wconf 85' lang='grc'>38,</span> <span class='ocrx_word' id='word_1_551' title='bbox 2874 4690 2941 4741; x_wconf 82' lang='lat' dir='ltr'>de</span> <span class='ocrx_word' id='word_1_552' title='bbox 2978 4693 3081 4754; x_wconf 74' lang='grc' dir='ltr'>α-ρῑ</span> 
     </span>
    </p>

    <p class='ocr_par' dir='ltr' id='par_1_13' title="bbox 499 4755 3079 4957">
     <span class='ocr_line' id='line_1_48' title="bbox 578 4755 3078 4821; baseline 0 -14"><span class='ocrx_word' id='word_1_553' title='bbox 578 4761 694 4807; x_wconf 69' lang='grc'>318.</span> <span class='ocrx_word' id='word_1_554' title='bbox 831 4758 865 4809; x_wconf 89' lang='lat' dir='ltr'>l.</span> <span class='ocrx_word' id='word_1_555' title='bbox 903 4759 969 4806; x_wconf 83' lang='grc'>26</span> <span class='ocrx_word' id='word_1_556' title='bbox 1003 4758 1127 4807; x_wconf 74' lang='lat' dir='ltr'><strong>Are.</strong></span> <span class='ocrx_word' id='word_1_557' title='bbox 1169 4759 1288 4818; x_wconf 86' lang='lat'>198,</span> <span class='ocrx_word' id='word_1_558' title='bbox 1326 4759 1407 4808; x_wconf 88' lang='grc'>28.</span> <span class='ocrx_word' id='word_1_559' title='bbox 1443 4784 1510 4792; x_wconf 83' lang='grc'>-</span> <span class='ocrx_word' id='word_1_560' title='bbox 1548 4755 1888 4820; x_wconf 83' lang='grc' dir='ltr'>παραλόγως</span> <span class='ocrx_word' id='word_1_561' title='bbox 1928 4758 1961 4806; x_wconf 92' lang='lat' dir='ltr'>l.</span> <span class='ocrx_word' id='word_1_562' title='bbox 2000 4759 2067 4807; x_wconf 90' lang='grc'>28</span> <span class='ocrx_word' id='word_1_563' title='bbox 2103 4755 2293 4806; x_wconf 78' lang='lat' dir='ltr'><strong>addidi</strong></span> <span class='ocrx_word' id='word_1_564' title='bbox 2330 4772 2397 4806; x_wconf 85' lang='lat' dir='ltr'>ex</span> <span class='ocrx_word' id='word_1_565' title='bbox 2434 4759 2495 4807; x_wconf 84' lang='lat' dir='ltr'>E.</span> <span class='ocrx_word' id='word_1_566' title='bbox 2532 4759 2605 4810; x_wconf 89' lang='lat' dir='ltr'>M.</span> <span class='ocrx_word' id='word_1_567' title='bbox 2647 4760 2761 4820; x_wconf 83' lang='lat'>157,</span> <span class='ocrx_word' id='word_1_568' title='bbox 2798 4758 3078 4821; x_wconf 80' lang='lat' dir='ltr'>45,·unde</span> 
     </span>
     <span class='ocr_line' id='line_1_49' title="bbox 499 4822 3079 4891; baseline 0.002 -20"><span class='ocrx_word' id='word_1_569' title='bbox 499 4825 664 4873; x_wconf 83' lang='lat' dir='ltr'>etiam</span> <span class='ocrx_word' id='word_1_570' title='bbox 701 4826 986 4889; x_wconf 76' lang='lat' dir='ltr'><strong>sequentia</strong></span> <span class='ocrx_word' id='word_1_571' title='bbox 1031 4826 1200 4873; x_wconf 78' lang='lat' dir='ltr'>verba</span> <span class='ocrx_word' id='word_1_572' title='bbox 1236 4822 1358 4876; x_wconf 60' lang='grc' dir='ltr'>ἀπ’</span> <span class='ocrx_word' id='word_1_573' title='bbox 1395 4824 1660 4891; x_wconf 84' lang='grc' dir='ltr'>ἐθέληςθα</span> <span class='ocrx_word' id='word_1_574' title='bbox 1706 4840 1880 4890; x_wconf 75' lang='lat' dir='ltr'>usque</span> <span class='ocrx_word' id='word_1_575' title='bbox 1926 4824 1997 4875; x_wconf 83' lang='lat' dir='ltr'>ad</span> <span class='ocrx_word' id='word_1_576' title='bbox 2042 4824 2203 4875; x_wconf 80' lang='lat' dir='ltr'><strong>finem</strong></span> <span class='ocrx_word' id='word_1_577' title='bbox 2249 4824 2458 4888; x_wconf 81' lang='lat' dir='ltr'><strong>adieci,</strong></span> <span class='ocrx_word' id='word_1_578' title='bbox 2506 4826 2601 4876; x_wconf 87' lang='lat' dir='ltr'>ubi</span> <span class='ocrx_word' id='word_1_579' title='bbox 2646 4826 2734 4876; x_wconf 79' lang='grc' dir='ltr'>καὶ</span> <span class='ocrx_word' id='word_1_580' title='bbox 2778 4825 2891 4877; x_wconf 82' lang='grc' dir='ltr'>ἔςτι</span> <span class='ocrx_word' id='word_1_581' title='bbox 2935 4825 3079 4878; x_wconf 83' lang='grc' dir='ltr'>κατὰ</span> 
     </span>
     <span class='ocr_line' id='line_1_50' title="bbox 503 4889 1309 4957; baseline 0.004 -17"><span class='ocrx_word' id='word_1_582' title='bbox 503 4889 844 4956; x_wconf 89' lang='grc' dir='ltr'>Ἡρωδιανὸν</span> <span class='ocrx_word' id='word_1_583' title='bbox 878 4890 979 4942; x_wconf 85' lang='grc' dir='ltr'>δύο</span> <span class='ocrx_word' id='word_1_584' title='bbox 1016 4890 1154 4957; x_wconf 89' lang='grc' dir='ltr'>μέρη</span> <span class='ocrx_word' id='word_1_585' title='bbox 1192 4892 1309 4943; x_wconf 89' lang='grc' dir='ltr'>κτλ.</span> 
     </span>
    </p>
   </div>
  </div>
 </body>
</html>
