3664 5546
684 339 769 403 44
1618 337 1698 391 ΕΚ
1737 337 1877 391 ΤΩΝ
1920 337 2326 393 ΗΡΩΔΙΑΝΟΥ

686 512 914 590 Θρέῑξ
972 510 1075 575 καὶ
1129 511 1367 589 Θρῆϊξ
1424 511 1526 576 καὶ
1581 511 1741 575 κατὰ
1808 512 2205 591 ςυναλοιφήν
2262 512 2462 594 Θρῇξ,
2523 509 2671 593 ἆϊξ,
2727 514 2996 593 κῶδιξ,
3052 509 3268 588 ἧλιξ,

684 613 998 693 πάλλιξ,
1045 613 1343 695 μάςτιξ,
1389 613 1646 696 χάλιξ,
1692 614 1944 695 χόλιξ,
1992 613 2190 695 ἕλιξ,
2236 614 2487 695 κύλιξ,
2533 612 2753 679 ἄδδιξ
2785 613 3018 694 μέτρον
3050 632 3266 691 τετρα-

685 717 1001 798 χοίνικον,
1049 716 1469 794 Μαγίςτριξ
1527 716 1717 781 ἔθνος
1771 720 1903 782 τῶν
1949 715 2310 794 Ταυρίςκων
2367 719 2505 780 τοῖς
2563 718 2905 795 Γερμανοῖς
2960 715 3264 794 ὁμοροῦν.

685 822 956 897 μῆνιγξ
1000 819 1074 883 τὸ
1105 819 1574 897 προςηγορικὸν
1606 820 1706 883 καὶ
1735 822 1925 897 νῆςος
1955 819 2102 897 περὶ
2130 820 2241 884 τὰς
2274 819 2526 896 (ύρτεις
2555 819 2656 882 καὶ
2686 819 2887 883 πόλις.
2948 819 3264 893 ὄςτλιγξ

621 922 724 986 ὃὸ
768 922 945 999 παρὰ
1003 922 1117 1000 μὲν
1163 921 1576 1004 Ἀπολλωνίῳ
1632 922 1732 985 καὶ
1789 921 2030 1003 Φιλητᾷ
2086 922 2190 986 διὰ
2248 925 2365 985 τοῦ
2423 925 2499 1002 ᾶ,
2558 920 2917 1003 ςάλπιγξ,
2975 914 3265 999 ςύριγξ·

685 1024 961 1102 ςημαίνει
1004 1025 1120 1102 τὴν
1167 1023 1335 1103 ὀπὴν
1379 1028 1509 1089 τῶν
1554 1028 1868 1104 μουςικῶν
1900 1024 2120 1089 αὐλῶν
2150 1025 2250 1088 καὶ
2279 1023 2486 1087 πάθος
2509 1023 2619 1086 ’καὶ
2652 1024 2768 1102 τὴν
2801 1026 3260 1102 δορατοθήκην.

683 1125 807 1190 ἔςτι
853 1126 924 1190 δὲ
969 1127 1128 1190 κατὰ
1172 1127 1415 1206 μίμηςιν
1461 1130 1576 1191 τοῦ
1631 1126 1977 1204 γινομένου
2023 1124 2201 1204 ἤχου.
2291 1126 2508 1204 ὄρνιξ
2567 1125 2629 1189 οἱ
2673 1126 2952 1203 Δωριεῖς
3009 1127 3263 1203 λέγουςι

681 1228 757 1292 τὸ
803 1226 995 1306 ὄρνις.
1084 1228 1320 1307 ὁμοίως
1364 1229 1435 1294 δὲ
1492 1229 1594 1293 καὶ
1648 1229 1726 1292 τά
1788 1229 2055 1293 ςύνθετα
2108 1227 2618 1311 Λιβοφοῑνιξ,
2678 1228 3030 1311 ὁμόςτιξ,
3088 1230 3262 1308 ςύμ-

683 1335 835 1412 μιξ,
881 1329 1197 1411 ὁμῆλιξ,
1243 1331 1680 1414 καλλίθριξ,
1725 1333 2093 1413 πολυᾶϊξ,
2140 1333 2533 1408 κορυθᾶῑξ.

585 1433 649 1485 ¹0
851 1431 945 1496 Τά
1001 1433 1089 1497 εἰς
1143 1421 1218 1499 υξ
1276 1434 1643 1515 βαρύνεται,
1699 1433 1752 1497 εἰ
1809 1435 1889 1512 μὴ
1948 1432 2087 1510 ἔχοι
2145 1432 2406 1498 ἔννοιαν
2461 1433 2889 1511 περιεκτικήν·
2946 1431 3168 1499 αἶθυξ
3225 1433 3263 1499 ὁ

682 1534 1009 1613 εὐκίνητος
1053 1536 1228 1614 παρὰ
1270 1538 1346 1601 τὸ
1392 1534 1692 1617 αἰθύςςω,
1738 1535 1865 1599 ἔςτι
1911 1536 1982 1600 δὲ
2026 1536 2128 1599 καὶ
2158 1534 2366 1614 ὄνομα
2396 1535 2624 1601 ἔθνους
2655 1537 2757 1601 καὶ
2786 1535 3022 1613 κύριον.
3097 1538 3262 1615 βαῖ-

684 1642 846 1718 βυξ,
892 1641 1205 1721 δοῖδυξ,
1263 1643 1558 1718 θρᾶνυξ
1615 1639 1717 1703 ἐπὶ
1772 1641 1889 1702 τοῦ
1946 1638 2186 1716 θρόνου
2241 1639 2416 1716 παρὰ
2470 1638 2771 1721 Κορίννῃ,
2821 1642 3103 1716 θρῆνυξ
3161 1639 3266 1702 ἐπὶ

682 1743 797 1803 τοῦ
853 1740 1052 1805 αὐτοῦ
1109 1742 1211 1806 καὶ
1264 1740 1431 1806 ἔςτιν
1487 1742 1527 1819 ἡ
1582 1745 1793 1820 χρῆςις
1846 1741 2006 1818 παρ’
2063 1740 2423 1819 Εὐφορίωνι
2480 1740 2548 1804 ἐν
2605 1740 3006 1823 Πολυχάρει,
3062 1740 3262 1822 ἶβυξ,

681 1840 805 1905 ἔςτι
851 1843 920 1906 δὲ
966 1841 1143 1907 εἶδος
1187 1841 1457 1924 ὀρνέου,
1503 1841 1679 1909 ἶδυξ
1723 1844 1827 1908 ἐπὶ
1870 1848 1980 1921 τῆς
2024 1842 2258 1907 ἴκτιδος
2306 1842 2394 1907 ὡς
2426 1842 2840 1922 Ἀλέξανδρος
2886 1843 2923 1907 ὁ
2957 1844 3262 1925 Μύνδιος,

587 1941 647 1992 15
684 1947 955 2025 κῆρυξ,
1005 1944 1231 2027 Κῆϋξ,
1281 1945 1539 2011 Κῶδυξ
1585 1945 1688 2009 ἐπὶ
1741 1949 1858 2010 τοῦ
1915 1945 2199 2027 κωδύου,
2267 1944 2547 2021 Νᾶρυξ·
2604 1944 2729 2010 ἔςτι
2787 1946 2858 2009 δὲ
2913 1946 3100 2010 πόλις
3141 1945 3262 2010 Λο-

682 2046 894 2122 κρίδος
937 2048 1223 2124 θηλυκῶς
1267 2047 1612 2129 λεγομένη,
1657 2048 1823 2112 τινὲς
1870 2049 1940 2112 δὲ
1989 2047 2306 2126 Ναρύκιον
2350 2048 2466 2124 τὴν
2510 2048 2701 2113 πόλιν
2747 2048 2967 2128 φαςίν·
3014 2048 3261 2124 λέγεται

681 2146 1099 2226 καὶκΝαρύκη.
1175 2151 1443 2227 βαῖτυξ
1489 2149 1527 2227 ἡ
1576 2150 1840 2232 βδέλλα,
1886 2150 2076 2228 ἧλυξ
2119 2151 2159 2227 ἡ
2206 2149 2370 2232 ςκιά,
2417 2153 2701 2226 πῶϋγξ.
2775 2150 3095 2234 Βέβρυξ,
3137 2152 3263 2217 ἕςτι

681 2249 753 2313 δὲ
800 2247 954 2327 ἔθνη
1013 2250 1132 2315 δύο
1189 2251 1264 2315 τὸ
1324 2252 1437 2331 μὲν
1494 2252 1658 2329 πρὸς
1712 2257 1804 2335 τῷ
1849 2252 2086 2336 Πόντῳ
2148 2252 2218 2317 ἐν
2274 2258 2349 2336 τῇ
2396 2250 2593 2335 Ἀςίᾳ,
2650 2252 2725 2317 τὸ
2783 2254 2853 2316 δὲ
2908 2254 3070 2332 πρὸς
3127 2256 3263 2318 τοῖς

679 2352 944 2431 Ἴβηρςιν
990 2352 1060 2416 ἐν
1105 2358 1179 2437 τῇ
1225 2352 1512 2437 Εὐρώπῃ.
1584 2355 1728 2432 περὶ
1773 2355 1845 2418 δὲ
1888 2358 2005 2419 τοῦ
2051 2354 2120 2419 ἐν
2165 2354 2330 2438 Ἀςίᾳ
2377 2353 2682 2433 διάφοροι
2726 2355 3021 2430 γεγόναςι
3065 2356 3261 2438 δόξαι,

578 2452 646 2504 20
680 2452 777 2517 ὅτι
823 2453 954 2518 ἀπὸ
1001 2454 1315 2534 Βέβρυκος
1359 2457 1397 2534 ἢ
1431 2456 1745 2536 Βεβρύκης
1788 2458 1891 2520 καὶ
1920 2455 2105 2521 ἄλλοι
2137 2455 2364 2521 ἄλλως.
2428 2456 2719 2537 βόμβυξ
2764 2456 2969 2520 αὐλοῦ
2998 2477 3055 2519 τι
3087 2456 3262 2523 εἶδος

679 2556 781 2620 καὶ
824 2560 1031 2641 Ζῷον,
1078 2555 1205 2637 ἀφ’
1250 2556 1328 2623 οὗ
1373 2559 1452 2622 τὰ
1498 2558 1842 2638 βομβύκινα
1897 2559 2261 2642 ὑφάςματα,
2317 2559 2476 2624 κατὰ
2520 2557 2827 2623 Λάκωνας
2871 2560 2941 2623 δὲ
2988 2559 3260 2640 ςτάμνον

679 2661 883 2737 δηλοῖ.
973 2657 1272 2739 (άμβυξ
1317 2660 1567 2738 κύριον·
1612 2659 1738 2726 ἔςτι
1785 2663 1855 2726 δὲ
1902 2664 2004 2726 καὶ
2047 2661 2333 2741 ποταμὸς
2388 2662 2491 2725 καὶ
2534 2660 2736 2725 ἔθνος.
2826 2661 3112 2739 Ἄμπυξ
3157 2662 3260 2725 κύ-

679 2781 821 2840 ριον
866 2760 1075 2842 ὄνομα
1119 2762 1221 2826 καὶ
1265 2762 1494 2841 κόςμος
1535 2763 1738 2856 ἤγουν
1770 2764 2275 2844 κεφαλοδὲςμιον
2307 2763 2407 2828 καὶ
2437 2763 2685 2842 τροχός.
2747 2762 2964 2842 Ἔρυξ
3010 2760 3047 2827 ὁ
3092 2763 3262 2842 ἥρως

678 2864 717 2928 ὸ
773 2865 1149 2946 Ἀφροδίτης
1207 2866 1310 2929 καὶ
1363 2865 1569 2930 Βύτου
1635 2866 1737 2930 καὶ
1793 2867 1832 2944 ἡ
1890 2867 2076 2931 πόλις
2133 2866 2406 2931 (ικελίας
2460 2867 2635 2943 παρὰ
2690 2872 2782 2950 τῷ
2837 2866 3262 2943 Ἐρατοςθένει

577 2962 644 3013 25
688 2965 1044 3044 ἀρςενικῶς.
1132 2967 1408 3045 Ἄδρυξ
1452 2968 1638 3033 πόλις
1684 2967 2152 3051 (υρακουςίιυν,
2209 2967 2551 3046 ἀρςενικῶς
2612 2968 2924 3047 λεγομένη
2972 2968 3257 3048 «ἔφυγον

678 3067 765 3133 εἰς
809 3070 924 3133 τὸν
968 3069 1306 3147 Ἄδρυκα».
1395 3070 1712 3136 Φίλιππος
1755 3071 1792 3135 ὸ
1838 3070 2147 3148 ἱςτορικός
2187 3091 2393 3150 φηςιν.
2463 3068 2732 3151 ἄμβυξ,
2781 3069 3019 3136 Γάνυξ
3065 3070 3103 3136 ὁ
3150 3072 3188 3135 Γ
3190 3091 3257 3134 α-

677 3170 928 3248 νύκτωρ
973 3171 1147 3248 παρὰ
1192 3177 1282 3256 τῷ
1314 3171 1773 3254 Ἐρατοςθένει,
1819 3171 2084 3237 κάλυξ·
2129 3175 2417 3249 θηλυκῶς
2462 3173 2533 3235 δ“ε
2579 3171 2826 3247 λέγεται
2857 3172 2959 3236 καὶ
2988 3172 3262 3251 ςημαίνει

676 3273 751 3337 τὸ
796 3272 1199 3350 καλούμενον
1247 3269 1463 3352 ῥόδον.
1513 3273 1808 3353 ’ψάλυξ·
1854 3275 2020 3338 τινὲς
2065 3275 2135 3338 δὲ
2181 3273 2294 3337 τὰς
2340 3274 2553 3352 ψυχάς
2598 3274 2895 3339 ἐδέξαντο
2943 3275 3259 3352 ςημαίνειν

679 3428 752 3435 ,-.

815 3546 853 3597 l.
893 3548 918 3594 1
970 3543 1130 3609 Θρὲῖξ
1179 3563 1244 3598 ex
1291 3549 1371 3598 St.
1410 3549 1471 3598 B.
1509 3549 1634 3607 317,
1676 3552 1721 3596 1.
1791 3543 1879 3599 ἆϊξ
1926 3563 1994 3597 ex
2038 3546 2099 3597 11.
2146 3548 2236 3597 Pr.
2288 3544 2331 3599 O
2371 3548 2485 3600 707.
2568 3546 2732 3597 κῶδιξ
2778 3546 2949 3597 habet
2993 3546 3257 3613 Theogn„

678 3612 902 3664 videtur
936 3614 1118 3665 altera
1156 3615 1328 3665 forma
1365 3630 1487 3666 esse
1525 3615 1676 3667 vocis
1713 3614 1895 3667 κῶδυξ
1933 3614 2025 3665 ἐπὶ
2061 3617 2164 3666 τοῦ
2211 3614 2433 3665 κωδύου
2470 3615 2526 3665 in
2565 3630 2772 3665 canone
2811 3623 3084 3680 sequente
3120 3617 3259 3666 sicut

680 3681 850 3734 Αῑθυξ
887 3681 1033 3733 idem
1069 3683 1291 3733 videtur
1326 3683 1558 3748 populus
1595 3698 1718 3732 esse
1753 3688 1921 3748 atque
1962 3681 2113 3734 Αῑθιξ
2151 3683 2406 3733 similiter
2441 3683 2635 3748 gentili
2666 3682 2947 3748 Ἀλλόβριξ
2985 3689 3043 3734 et
3071 3683 3257 3736 Ἀλλό·

681 3750 825 3814 βρυξ.
927 3750 964 3801 l.
988 3752 1020 3800 2
1057 3748 1256 3803 πάλλιξ
1295 3752 1528 3801 debetur
1564 3750 1811 3816 Theogn.
1848 3752 1917 3801 ef.
1944 3753 2042 3816 Ep.
2070 3750 2158 3801 Cr.
2186 3752 2213 3801 Ι
2238 3754 2352 3814 320,
2378 3752 2443 3801 28
2481 3756 2541 3801 et
2575 3752 2779 3801 11373:
2819 3750 2881 3802 ἐκ
2915 3754 3019 3802 τοῦ
3058 3751 3257 3803 πάλλω

678 3818 747 3870 τὸ
791 3819 928 3868 κινῶ
976 3816 1174 3872 πάλλιξ
1223 3819 1312 3870 καὶ
1357 3816 1611 3884 ἀποβολῇ
1648 3821 1752 3869 τοῦ
1790 3822 1831 3869 it·
1879 3818 1969 3870 καὶ
2004 3823 2189 3885 τροπῇ
2228 3821 2330 3870 τοῦ
2369 3823 2404 3870 ἃ
2441 3816 2519 3871 εἰς
2556 3821 2590 3882 ῆ
2628 3817 2771 3882 ἧλιξ·
2809 3817 2862 3870 οἱ
2886 3818 2991 3885 γάρ
3021 3819 3258 3871 Ἀττικοὶ

677 3885 813 3938 τοὺς
858 3886 1172 3951 νεωτέρους
1219 3885 1489 3937 πάλλικας
1545 3885 1825 3950 λέγουςιν,
1886 3887 2030 3953 quod
2076 3887 2396 3938 vocabulum
2443 3903 2767 3953 quamquam
2812 3904 2847 3937 a
2892 3889 3259 3952 grammaticis

678 3961 894 4006 tantum
918 3961 1381 4014 commemoratur,
1409 3961 1592 4005 tamen
1619 3971 1727 4005 non
1752 3955 2186 4007 addubitandum
2227 3962 2336 4019 est,
2377 3956 2701 4021 praesertim
2738 3971 2901 4021 quum
2946 3957 3261 4007 inveniatur

678 4039 765 4087 ap.
801 4027 981 4104 ipsum
1018 4024 1419 4085 Herodianum,
1458 4038 1491 4072 a
1528 4039 1633 4088 quo
1669 4029 1953 4075 mutuatus
1991 4031 2076 4075 est
2112 4025 2356 4090 Theogn.
2405 4025 2475 4076 cf.
2511 4025 2647 4074 Lob.
2685 4023 2770 4075 El.
2807 4025 2831 4073 1
2870 4025 2984 4080 118.
3159 4026 3192 4075 1.
3227 4029 3259 4075 3

678 4090 980 4158 Μαγιςτριξ
1027 4107 1094 4141 ex
1142 4092 1220 4142 St.
1269 4094 1332 4142 B.
1380 4095 1437 4141 et
1482 4107 1548 4141 ex
1595 4091 1785 4142 eodem
1830 4091 2076 4156 Μῆνιγξ,
2134 4098 2356 4158 propter
2402 4092 2546 4158 quod
2603 4092 2796 4156 μῆνιγξ
2843 4092 3256 4157 appellativum,

679 4160 824 4226 quod
861 4159 1212 4212 Herodianus
1248 4159 1437 4224 procul
1483 4159 1648 4210 dubio
1694 4160 1991 4223 attulerat,
2040 4160 2234 4212 adieci.
2444 4161 2479 4212 1.
2517 4165 2549 4210 4
2593 4158 2811 4222 ὄςτλιγξ
2858 4177 2925 4211 ex
2963 4159 3143 4211 Schol.
3187 4160 3258 4211 ad

678 4228 856 4292 Apoll.
892 4227 1068 4279 Rhod.
1112 4225 1154 4277 Α
1194 4230 1323 4278 1297
1365 4225 1675 4290 ὀςτλιγγες·
1712 4227 1889 4280 τοῦτό
1926 4242 2094 4293 φηςιν
2121 4227 2460 4294 Ἡρωδιανὸς
2499 4226 2561 4278 ἑν
2584 4231 2668 4310 τῷ
2694 4226 2942 4294 δευτέρῳ
2968 4230 3071 4293 τῆς
3099 4227 3258 4280 καθό-

678 4296 797 4359 λου,
836 4294 984 4360 παρὰ
1024 4292 1125 4357 μὲν
1161 4296 1279 4345 κτλ.
1351 4293 1579 4358 ςάλπιγξ
1617 4298 1851 4348 accessit
1896 4313 1962 4346 ex
2000 4297 2195 4348 Choer.
2230 4301 2355 4360 344,
2397 4300 2457 4346 14
2507 4301 2563 4347 et
2600 4297 2783 4361 ςυριγξ
2829 4312 2896 4346 ex
2932 4297 2993 4346 E.
3028 4297 3104 4346 Μ.
3142 4298 3257 4360 736,

677 4367 768 4425 28,
807 4364 900 4413 ubi
948 4363 1311 4428 subscriptum
1357 4369 1442 4414 est
1484 4363 1670 4416 οὕτως
1711 4363 2086 4430 Ἡρωδιανὸς,
2133 4380 2296 4430 quum
2340 4369 2397 4415 in
2445 4364 2510 4418 E.
2558 4364 2745 4415 Orion.
2792 4366 2916 4426 146,
2963 4367 3028 4416 33
3073 4363 3256 4416 οὕτως

678 4428 1037 4496 Ἡρακλείδης
1085 4430 1334 4482 additum
1380 4434 1469 4485 sit.
1549 4433 1658 4483 Sed
1706 4433 2031 4499 explieatiO,
2078 4449 2218 4500 quae
2266 4435 2382 4484 fere
2429 4433 2683 4498 congruit
2720 4448 2839 4482 cum
2880 4432 3146 4497 Hesych.,
3186 4433 3257 4483 si·

675 4500 901 4550 millima
938 4506 1025 4551 est
1062 4498 1188 4549 aliis
1225 4501 1456 4551 aliorum
1491 4501 1893 4562 vocabulorum,
1933 4517 2073 4567 quae
2111 4517 2178 4552 ex
2215 4501 2504 4553 Catholica
2542 4507 2797 4551 servatae
2836 4505 2980 4551 sunt.
3154 4502 3189 4551 l.
3227 4503 3256 4549 7

680 4568 831 4632 ὄρνιξ
871 4585 937 4618 ex
976 4568 1168 4619 Choer.
1205 4572 1330 4632 310,
1370 4573 1465 4632 17,
1512 4585 1579 4619 ex
1626 4569 1746 4620 eod.
1794 4569 2111 4633 Λιβοφοῑνιξ
2161 4575 2217 4621 et
2263 4568 2510 4632 όμόςτιξ,
2562 4570 2593 4619 Ι.
2632 4571 2663 4620 9
2719 4569 2953 4620 πολυᾶϊξ
3001 4569 3257 4634 κορυθᾶϊξ

680 4671 748 4705 ex
783 4652 849 4705 11.
887 4652 975 4703 Pr.
1012 4653 1048 4708 1.
1087 4669 1132 4703 ο.
1237 4653 1272 4703 l.
1313 4657 1376 4705 10
1412 4669 1673 4705 canonem
1709 4654 1776 4705 de
1811 4671 1959 4707 voco.
1996 4655 2053 4705 in
2090 4656 2152 4706 υξ
2191 4653 2395 4718 sumpsi
2443 4669 2562 4703 cum
2609 4654 2858 4705 omnibus
2895 4654 3157 4720 exemplis
3192 4669 3257 4704 ex

680 4721 875 4773 Choer.
909 4722 993 4784 80,
1034 4723 1249 4785 16—88,
1287 4725 1348 4772 21
1389 4727 1447 4772 et
1482 4726 1596 4784 313,
1634 4725 1862 4782 4—314,
1903 4725 1963 4774 16
2000 4723 2220 4774 collatis
2257 4721 2440 4772 Dichr.
2479 4723 2606 4784 285,
2648 4725 2739 4786 19,
2777 4721 2848 4772 ad
2886 4738 3048 4786 quem
3083 4721 3259 4773 locum

679 4789 942 4841 Lehrsius
977 4789 1208 4842 adnotat
1244 4789 1612 4842 Choerobosci
1648 4790 1919 4846 vocabula
1955 4808 2023 4842 ex
2058 4789 2367 4841 Herodiani
2404 4790 2651 4841 fontibus
2686 4806 2964 4850 mammem
3012 4788 3133 4852 ἴυγξ
3171 4807 3255 4840 ac·

680 4859 849 4908 cessit
892 4873 960 4907 ex
995 4859 1153 4911 Eunt.
1191 4862 1348 4923 1635,
1385 4861 1477 4918 23;
1526 4861 1693 4909 etiam
1739 4874 1829 4924 ap.
1870 4861 1950 4911 st.
1986 4860 2047 4909 B.
2096 4859 2446 4924 reperiuntur
2500 4856 2709 4923 Νᾶρυξ,
2758 4857 2989 4922 Βέβρυξ,
3038 4854 3254 4923 Ἄδρυξ,
